
@book{waldron1987,
  address = {London; New York},
  title = {'{{Nonsense Upon Stilts}}': {{Bentham}}, {{Burke}}, and {{Marx}} on the {{Rights}} of {{Man}}},
  isbn = {978-0-416-91890-8},
  lccn = {JC571 .W145 1987},
  shorttitle = {'{{Nonsense Upon Stilts}}'},
  timestamp = {2016-06-30T13:43:41Z},
  publisher = {{Methuen}},
  author = {Waldron, Jeremy},
  year = {1987},
  keywords = {Bentham; Jeremy,Burke; Edmund,Human rights,Marx; Karl},
  file = {waldron-1987-'nonsense_upon_stilts'.pdf:C\:\\Users\\Philipp Schweizer\\OneDrive\\zotero-files\\waldron-1987-'nonsense_upon_stilts'.pdf:application/pdf}
}

@article{lycan1981,
  title = {"{{Is}}" and "ought" in cognitive science. [{{Peer-Kommentar}} zu "{{Can Human Irrationality Be Experimentally Demonstrated}}?", von {{Jonathan L}}. {{Cohen}}]},
  volume = {4},
  issn = {1469-1825},
  doi = {10.1017/S0140525X00009092},
  timestamp = {2016-08-01T08:58:43Z},
  number = {03},
  urldate = {2016-04-27},
  journal = {Behavioral and Brain Sciences},
  author = {Lycan, William G.},
  month = sep,
  year = {1981},
  pages = {344--345}
}

@book{metscher2009,
  address = {Essen},
  series = {Edition marxistische Bl{\"a}tter},
  title = {Imperialismus und {{Moderne}}. {{Zu}} den {{Bedingungen}} gegenw{\"a}rtiger {{Kunstproduktion}}},
  isbn = {978-3-910080-69-0},
  lccn = {PT405 .M4416 2009},
  shorttitle = {Imperialismus und {{Moderne}}},
  timestamp = {2016-04-04T20:06:50Z},
  number = {104},
  publisher = {{Neue Impulse}},
  author = {Metscher, Thomas},
  year = {2009},
  keywords = {20th century,Capitalism and literature,German literature,Germany,History and criticism,Modernism (Aesthetics),Modernism (Literature)}
}

@incollection{burian1987,
  title = {How not to talk about conceptual change in science},
  timestamp = {2016-08-17T21:35:17Z},
  urldate = {2016-08-17},
  booktitle = {Rational changes in science},
  publisher = {{Springer}},
  author = {Burian, Richard M.},
  year = {1987},
  pages = {3--33},
  file = {Snapshot:C\:\\Users\\Philipp Schweizer\\OneDrive\\zotero\\storage\\N24B84E8\\978-94-009-3779-6_1.html:text/html}
}

@article{burian2001,
  title = {The {{Dilemma}} of {{Case Studies Resolved}}: {{The Virtues}} of {{Using Case Studies}} in the {{History}} and {{Philosophy}} of {{Science}}},
  volume = {9},
  shorttitle = {The dilemma of case studies resolved},
  timestamp = {2016-08-18T13:36:50Z},
  number = {4},
  urldate = {2016-08-18},
  journal = {Perspectives on Science},
  author = {Burian, Richard M.},
  year = {2001},
  pages = {383--404},
  file = {burian-2001-the_dilemma_of_case_studies_resolved.pdf:C\:\\Users\\Philipp Schweizer\\OneDrive\\zotero-files\\burian-2001-the_dilemma_of_case_studies_resolved.pdf:application/pdf}
}

@article{zahar1973,
  title = {Why {{Did Einstein}}'s {{Programme Supersede Lorentz}}'s? ({{I}})},
  volume = {24},
  issn = {0007-0882},
  shorttitle = {Why {{Did Einstein}}'s {{Programme Supersede Lorentz}}'s?},
  timestamp = {2016-05-22T18:57:21Z},
  number = {2},
  urldate = {2016-05-22},
  journal = {The British Journal for the Philosophy of Science},
  author = {Zahar, Elie},
  year = {1973},
  pages = {95--123},
  file = {zahar-1973-why_did_einstein's_programme_supersede_lorentz's.pdf:C\:\\Users\\Philipp Schweizer\\OneDrive\\zotero-files\\zahar-1973-why_did_einstein's_programme_supersede_lorentz's.pdf:application/pdf}
}

@book{eisler1972,
  address = {Hildesheim},
  edition = {2., unver{\"a}nd. Nachdr. der Ausg. Berlin 1930},
  series = {Olms-Paperbacks},
  title = {Kant-{{Lexikon}}},
  volume = {2},
  isbn = {3-487-00744-4},
  lccn = {05/PI 2100 K16 (2)},
  language = {de},
  timestamp = {2016-04-20T14:41:38Z},
  publisher = {{Olms}},
  author = {Eisler, Rudolf},
  year = {1972},
  keywords = {Erkenntnistheorie,Kant; Immanuel,Lexikon,Philosophie}
}

@incollection{engels1987,
  address = {Berlin},
  edition = {9},
  title = {Die {{Entwicklung}} des {{Sozialismus}} von der {{Utopie}} zur {{Wissenschaft}}},
  volume = {19},
  timestamp = {2016-07-31T14:49:14Z},
  booktitle = {Marx-{{Engels Werke Bd}}. 19},
  publisher = {{Dietz}},
  author = {Engels, Friedrich},
  editor = {{Institut f{\"u}r Marxismus-Leninismus beim ZK der SED}},
  year = {1987},
  pages = {177--228}
}

@incollection{baudrillard2008,
  address = {M{\"u}nchen},
  edition = {6},
  title = {Requiem f{\"u}r die {{Medien}}},
  isbn = {978-3-421-05310-7},
  language = {ger},
  timestamp = {2016-03-17T09:45:59Z},
  booktitle = {Kursbuch {{Medienkultur}}: die ma\ss{}geblichen {{Theorien}} von {{Brecht}} bis {{Baudrillard}}},
  publisher = {{Deutsche Verlags-Anstalt}},
  author = {Baudrillard, Jean},
  editor = {Pias, Claus and Vogl, Joseph and Engell, Lorenz and Fahle, Oliver and Neitzel, Britta},
  year = {2008 (1972)},
  keywords = {Geschichte 1935-1990,Kultur,Massenmedien,Medien,Mediengeschichte},
  file = {baudrillard-2008-requiem_für_die_medien.pdf:C\:\\Users\\Philipp Schweizer\\OneDrive\\zotero-files\\baudrillard-2008-requiem_für_die_medien.pdf:application/pdf}
}

@book{gramsci1992,
  address = {Hamburg},
  title = {Gef{\"a}ngnishefte. {{Bd}}. 4: {{Hefte}} 6-7},
  isbn = {978-3-88619-414-8},
  shorttitle = {Gef{\"a}ngnishefte},
  abstract = {Heft 6, 1930-1932
Heft 7, 1930-1931},
  timestamp = {2016-04-01T12:57:15Z},
  publisher = {{Argument}},
  author = {Gramsci, Antonio},
  editor = {Bochmann, Klaus and Haug, Wolfgang Fritz},
  collaborator = {Jehle, Peter},
  year = {1992}
}

@book{willaschek2015,
  address = {Berlin ;Boston},
  title = {Kant-{{Lexikon}}},
  isbn = {978-3-11-017259-1 978-3-11-044399-8 978-3-11-044401-8},
  timestamp = {2016-05-10T17:05:33Z},
  publisher = {{De Gruyter}},
  editor = {Willaschek, Marcus and Stolzenberg, J{\"u}rgen and Mohr, Georg and Bacin, Stefano},
  collaborator = {H{\"o}wing, Thomas and F{\"o}rster, Eckart},
  year = {2015}
}

@article{tversky1974,
  title = {Judgment under {{Uncertainty}}: {{Heuristics}} and {{Biases}}},
  volume = {185},
  issn = {0036-8075},
  shorttitle = {Judgment under {{Uncertainty}}},
  timestamp = {2016-04-27T19:36:42Z},
  number = {4157},
  urldate = {2016-04-27},
  journal = {Science},
  author = {Tversky, Amos and Kahneman, Daniel},
  year = {1974},
  pages = {1124--1131}
}

@article{arat2008,
  title = {Human {{Rights Ideology}} and {{Dimensions}} of {{Power}}: {{A Radical Approach}} to the {{State}}, {{Property}}, and {{Discrimination}}},
  volume = {30},
  shorttitle = {Human {{Rights Ideology}} and {{Dimensions}} of {{Power}}},
  timestamp = {2016-06-29T20:41:24Z},
  journal = {Human Rights Quarterly},
  author = {Arat, Zehra F. Kabasakal},
  year = {2008},
  pages = {906},
  file = {arat-2008-human_rights_ideology_and_dimensions_of_power.pdf:C\:\\Users\\Philipp Schweizer\\OneDrive\\zotero-files\\arat-2008-human_rights_ideology_and_dimensions_of_power.pdf:application/pdf}
}

@incollection{carl1998,
  address = {Berlin},
  series = {Klassiker auslegen},
  title = {Die transzendentale {{Deduktion}} in der zweiten {{Auflage}}},
  isbn = {978-3-05-005038-6},
  language = {af},
  timestamp = {2016-04-20T14:41:38Z},
  booktitle = {Immanuel {{Kant}}, {{Kritik}} der reinen {{Vernunft}}},
  publisher = {{Akademie Verlag}},
  author = {Carl, Wolfgang},
  editor = {Mohr, Georg and Willaschek, Marcus},
  year = {1998},
  keywords = {Kant; Immanuel,transzendentale Deduktion},
  pages = {189--216},
  file = {carl-1998-die_transzendentale_deduktion_in_der_zweiten_auflage.pdf:C\:\\Users\\Philipp Schweizer\\OneDrive\\zotero-files\\carl-1998-die_transzendentale_deduktion_in_der_zweiten_auflage.pdf:application/pdf}
}

@article{stich1985,
  title = {Could {{Man Be}} an {{Irrational Animal}}?},
  volume = {64},
  issn = {0039-7857, 1573-0964},
  doi = {10.1007/BF00485714},
  abstract = {Abschnitt 5 zu Cohen ist fast eins zu eins von Stich (1981) {\"u}bernommen.},
  language = {en},
  timestamp = {2016-08-17T20:44:04Z},
  number = {1},
  urldate = {2016-05-09},
  journal = {Synthese},
  author = {Stich, Stephen P.},
  month = jul,
  year = {1985},
  keywords = {Epistemology,Logic,Metaphysics,Philosophy,Philosophy of Language},
  pages = {115--135},
  file = {stich-1985-could_man_be_an_irrational_animal.pdf:C\:\\Users\\Philipp Schweizer\\OneDrive\\zotero-files\\stich-1985-could_man_be_an_irrational_animal.pdf:application/pdf}
}

@misc{zotero-null-414,
  title = {{{BSP}}: {{Citizenship}} and social class. 04/{{ME}} 3350 {{M369}}},
  timestamp = {2016-07-04T11:17:33Z},
  urldate = {2016-06-29},
  howpublished = {\url{https://hds.hebis.de/ubffm/Record/HEB221747745}},
  file = {UB FFM\: Neues Suchportal Frankfurt\: Titel\: Citizenship and social class:C\:\\Users\\Philipp Schweizer\\OneDrive\\zotero\\storage\\BF33BJJX\\HEB221747745.html:text/html}
}

@article{elliott1998,
  title = {From {{Language}} to {{Medium}}: {{A Small Apology}} for {{Cultural Theory}} as {{Challenge}} to {{Cultural Studies}}},
  volume = {29},
  issn = {0028-6087},
  shorttitle = {From {{Language}} to {{Medium}}},
  timestamp = {2016-03-05T15:01:19Z},
  number = {3},
  urldate = {2016-03-05},
  journal = {New Literary History},
  author = {Elliott, J. E.},
  year = {1998},
  pages = {385--413}
}

@book{nisbett1980,
  address = {Englewood Cliffs, NJ},
  series = {The Century Psychology Series},
  title = {Human {{Inference}}: {{Strategies}} and {{Shortcomings}} of {{Social Judgment}}},
  isbn = {978-0-13-445130-5},
  lccn = {BF311 .N57},
  shorttitle = {Human inference},
  timestamp = {2016-08-13T18:56:10Z},
  publisher = {{Prentice-Hall}},
  author = {Nisbett, Richard E. and Ross, Lee},
  year = {1980},
  keywords = {Cognition,Inference,Judgment},
  annote = {Includes indexes}
}

@incollection{beier1978,
  address = {Berlin},
  title = {Bemerkungen zu {{Gramsci-Verf{\"a}lschungen}} in der {{BRD}}},
  timestamp = {2016-03-17T16:55:23Z},
  booktitle = {Antonio {{Gramsci}} \textendash{} {{Revolution{\"a}r}} und {{Internationalist}}},
  publisher = {{Dietz}},
  author = {Beier, Siegfried},
  editor = {{Akademie f{\"u}r Gesellschaftswissenschaften beim Zentralkomitee der SED, Institut f{\"u}r Internationale Arbeiterbewegung}},
  year = {1978},
  pages = {87--98}
}

@article{claude2003,
  title = {Michael {{Freeman}}, {{Human Rights}}, {{An Interdisciplinary Approach}}},
  volume = {25},
  timestamp = {2016-06-29T20:51:47Z},
  journal = {Human Rights Quarterly},
  author = {Claude, Richard Pierre},
  year = {2003},
  pages = {563},
  file = {claude-2003-michael_freeman,_human_rights,_an_interdisciplinary_approach.pdf:C\:\\Users\\Philipp Schweizer\\OneDrive\\zotero-files\\claude-2003-michael_freeman,_human_rights,_an_interdisciplinary_approach.pdf:application/pdf}
}

@incollection{andreucci1978,
  address = {Berlin},
  title = {Der {{Begriff}} der ,,{{Hegemonie}}`` im {{Denken Antonio Gramscis}}},
  timestamp = {2016-03-17T16:53:09Z},
  booktitle = {Antonio {{Gramsci}} \textendash{} {{Revolution{\"a}r}} und {{Internationalist}}},
  publisher = {{Dietz}},
  author = {Andreucci, Franco},
  editor = {{Akademie f{\"u}r Gesellschaftswissenschaften beim Zentralkomitee der SED, Institut f{\"u}r Internationale Arbeiterbewegung}},
  year = {1978},
  pages = {55--69}
}

@article{weingart2015,
  title = {Finding the {{History}} and {{Philosophy}} of {{Science}}},
  volume = {80},
  issn = {0165-0106, 1572-8420},
  doi = {10.1007/s10670-014-9621-1},
  abstract = {History of science and philosophy of science have experienced a somewhat turbulent relationship over the last century. At times it has been said that philosophy needs history, or that history needs philosophy. Very occasionally, something entirely new is said to need them both. Often, however, their relationship is seen as little more than a marriage of convenience. This article explores that marriage by analyzing the citations of over 7,000 historians, philosophers, and sociologists of science. The data reveal that a small but tightly-knit bridge does exist between the disciplines, and raises suggestions about how to understand that bridge in a more nuanced fashion.},
  language = {en},
  timestamp = {2016-08-17T21:10:30Z},
  number = {1},
  urldate = {2016-08-17},
  journal = {Erkenntnis},
  author = {Weingart, Scott B.},
  month = feb,
  year = {2015},
  pages = {201--213},
  file = {weingart-2015-finding_the_history_and_philosophy_of_science.pdf:C\:\\Users\\Philipp Schweizer\\OneDrive\\zotero-files\\weingart-2015-finding_the_history_and_philosophy_of_science.pdf:application/pdf}
}

@article{levins1968,
  title = {On {{Making Socialism Scientific}}},
  volume = {32},
  copyright = {Copyright \textcopyright{} 1968 S\&S Quarterly, Inc.},
  issn = {00368237},
  doi = {10.2307/40401338},
  timestamp = {2014-06-09T16:45:44Z},
  number = {2},
  journal = {Science \& Society},
  author = {Levins, Richard},
  month = apr,
  year = {1968},
  pages = {129--147}
}

@book{kerr2015,
  title = {How {{Postmodernism Explains Football}} and {{Football Explains Postmodernism}}},
  isbn = {978-1-137-53407-1},
  language = {en},
  timestamp = {2016-05-10T16:40:03Z},
  urldate = {2016-05-10},
  publisher = {{Palgrave Macmillan}},
  author = {Kerr, Robert},
  month = aug,
  year = {2015}
}

@book{weissegger1782,
  title = {Wohlgemeynter {{Unterricht}} f{\"u}r unstudirte {{Layen}}. {{Erstes St{\"u}ck}}, von dem r{\"o}mischen {{Bischoffe}} oder dem {{Pabste}} {\"u}berhaupt},
  timestamp = {2016-06-04T20:28:35Z},
  urldate = {2016-04-27},
  publisher = {{Rudolph Gr{\"a}ffer}},
  author = {Weissegger, Joseph Maria},
  year = {1782},
  file = {weissegger-1782-wohlgemeynter_unterricht_für_unstudirte_layen.pdf:C\:\\Users\\Philipp Schweizer\\OneDrive\\zotero-files\\weissegger-1782-wohlgemeynter_unterricht_für_unstudirte_layen.pdf:application/pdf;[HTML] from google.de:C\:\\Users\\Philipp Schweizer\\OneDrive\\zotero\\storage\\4KQSUHZD\\books.html:text/html}
}

@article{cohen1982a,
  title = {Are {{People Programmed}} to {{Commit Fallacies}}? {{Further Thoughts}} about the {{Interpretation}} of {{Experimental Data}} on {{Probability Judgment}}},
  volume = {12},
  issn = {1468-5914},
  shorttitle = {Are {{People Programmed}} to {{Commit Fallacies}}?},
  doi = {10.1111/j.1468-5914.1982.tb00450.x},
  language = {en},
  timestamp = {2016-08-13T18:51:50Z},
  number = {3},
  urldate = {2016-06-20},
  journal = {Journal for the Theory of Social Behaviour},
  author = {Cohen, L. Jonathan},
  month = oct,
  year = {1982},
  pages = {251--274},
  file = {cohen-1982-are_people_programmed_to_commit_fallacies.pdf:C\:\\Users\\Philipp Schweizer\\OneDrive\\zotero-files\\cohen-1982-are_people_programmed_to_commit_fallacies.pdf:application/pdf}
}

@book{weissegger1785,
  title = {Ankunft und {{Aufenthalt Pius}} des {{VI}}. in {{Wien}}. {{Ein Beytrag}} f{\"u}r k{\"u}nftige {{Geschichtschreiber}}},
  shorttitle = {Pius des {{VI}}. in {{Wien}}},
  timestamp = {2016-06-04T20:30:20Z},
  urldate = {2016-04-27},
  publisher = {{mit Sonnleithnerischen Schriften}},
  author = {Weissegger, Joseph Maria},
  year = {1785},
  file = {[HTML] from google.de:C\:\\Users\\Philipp Schweizer\\OneDrive\\zotero\\storage\\UN5PFAMS\\books.html:text/html}
}

@book{agassi2008,
  address = {New York},
  title = {Philosophy from a {{Skeptical Perspective}}},
  isbn = {978-0-521-89812-6 978-0-521-72639-9},
  lccn = {B837 .A33 2008},
  timestamp = {2016-05-18T21:38:14Z},
  publisher = {{Cambridge University Press}},
  author = {Agassi, Joseph and Meidan, Abraham},
  year = {2008},
  keywords = {Philosophy,Skepticism},
  file = {agassi&meidan-2008-philosophy_from_a_skeptical_perspective.pdf:C\:\\Users\\Philipp Schweizer\\OneDrive\\zotero-files\\agassi&meidan-2008-philosophy_from_a_skeptical_perspective.pdf:application/pdf}
}

@article{azzara2016,
  title = {Der postmoderne {{Gramsci}}},
  timestamp = {2016-03-06T12:58:24Z},
  urldate = {2016-02-20},
  journal = {junge Welt},
  author = {Azzar{\`a}, Stefano G.},
  month = jan,
  year = {2016},
  pages = {12}
}

@book{goodman1998,
  address = {Frankfurt am Main},
  edition = {4},
  series = {suhrkamp taschenbuch wissenschaft},
  title = {Weisen der {{Welterzeugung}}},
  timestamp = {2016-08-15T13:23:43Z},
  number = {863},
  publisher = {{Suhrkamp}},
  author = {Goodman, Nelson},
  translator = {Looser, Max},
  year = {1998},
  file = {goodman-1998-weisen_der_welterzeugung.pdf:C\:\\Users\\Philipp Schweizer\\OneDrive\\zotero-files\\goodman-1998-weisen_der_welterzeugung.pdf:application/pdf}
}

@article{pinnick2000a,
  title = {Philosophy of science and history of science: {{A}} troubling interaction},
  volume = {31},
  shorttitle = {Philosophy of science and history of science},
  timestamp = {2016-08-17T21:38:46Z},
  number = {1},
  urldate = {2016-08-17},
  journal = {Journal for General Philosophy of Science},
  author = {Pinnick, Cassandra and Gale, George},
  year = {2000},
  pages = {109--125},
  file = {Snapshot:C\:\\Users\\Philipp Schweizer\\OneDrive\\zotero\\storage\\KXJ29G65\\A1008353021407.html:text/html}
}

@book{poster2007,
  address = {Stanford, Calif},
  edition = {2. {\"u}berarb. u. erw. Auflage},
  title = {Jean {{Baudrillard}}. {{Selected Writings}}},
  isbn = {978-0-8047-4273-3},
  language = {eng},
  timestamp = {2016-03-31T23:47:42Z},
  publisher = {{Stanford University Press}},
  editor = {Poster, Mark},
  year = {2007},
  keywords = {Aufsatzsammlung,Baudrillard; Jean},
  file = {Table of Contents PDF:C\:\\Users\\Philipp Schweizer\\OneDrive\\zotero\\storage\\8GEC2QIK\\Baudrillard und Poster - 2007 - Selected writings.pdf:application/pdf}
}

@article{wullweber2012,
  title = {Hegemoniale {{Strategien}}: {{Das Ringen}} um {{Akzeptanz}} in der politischen {{Governance}} der {{Nanotechnologie}}},
  volume = {40},
  issn = {03400425, 18618588},
  abstract = {Ob sich neue Technologien als Produkte und Anwendungen durchsetzen k\&\#xf6;nnen, h\&\#xe4;ngt stark von ihrer Akzeptanz in der Gesellschaft ab. Am Beispiel der Nanotechnologie wird aufgezeigt, wie in den letzten Jahren um gesellschaftliche Akzeptanz gerungen wurde. Anhand von diskurs- und hegemonietheoretischen Konzepten werden verschiedene Strategien im Diskurs um die Nanotechnologie identifiziert. Die bislang eher positive Stimmung gegen\&\#xfc;ber der Nanotechnologie ist demnach kein Zufall, sondern in nicht unbedeutendem Ma\&\#xdf;e auf erfolgreiche Diskursstrategien zur\&\#xfc;ckzuf\&\#xfc;hren. Whether new technologies can prevail as products and applications strongly depends on their degree of acceptance in society. The struggle for such acceptance is demonstrated in an examination of the recent discourse surrounding nanotechnology. Concepts from the theories of discourse and hegemony are used to identify the various strategies which have been pursued to shape social acceptance. It is no accident that attitudes towards nanotechnology to date have tended to be positive. In no small measure this development is the result of successful discourse strategies.},
  timestamp = {2016-04-20T10:11:37Z},
  number = {1},
  journal = {Leviathan},
  author = {Wullweber, Joscha},
  year = {2012},
  pages = {4--23},
  file = {wullweber-2012-hegemoniale_strategien.pdf:C\:\\Users\\Philipp Schweizer\\OneDrive\\zotero-files\\wullweber-2012-hegemoniale_strategien.pdf:application/pdf}
}

@article{brush1974,
  title = {Should the {{History}} of {{Science Be Rated X}}?},
  volume = {183},
  issn = {0036-8075},
  timestamp = {2016-05-23T07:41:48Z},
  number = {4130},
  urldate = {2016-05-23},
  journal = {Science},
  author = {Brush, Stephen G.},
  year = {1974},
  pages = {1164--1172},
  file = {brush-1974-should_the_history_of_science_be_rated_x.pdf:C\:\\Users\\Philipp Schweizer\\OneDrive\\zotero-files\\brush-1974-should_the_history_of_science_be_rated_x.pdf:application/pdf}
}

@book{kant1998,
  address = {Hamburg},
  series = {Philosophische Bibliothek},
  title = {Kritik der reinen {{Vernunft}}},
  volume = {505},
  isbn = {978-3-7873-1319-8},
  lccn = {12.920.16},
  shorttitle = {{{KrV}}},
  language = {da},
  timestamp = {2016-04-23T14:08:09Z},
  publisher = {{Meiner}},
  author = {Kant, Immanuel},
  editor = {Timmermann, Jens},
  year = {1998},
  keywords = {Idealismus; deutscher,Kant; Immanuel,Kant; KdV,Metaphysik,Philosophie,Philosophie; theoretische}
}

@article{preis1996,
  title = {Human {{Rights}} as {{Cultural Practice}}: {{An Anthropological Critique}}},
  volume = {18},
  issn = {1085-794X},
  shorttitle = {Human {{Rights}} as {{Cultural Practice}}},
  doi = {10.1353/hrq.1996.0022},
  language = {en},
  timestamp = {2016-06-29T20:34:20Z},
  number = {2},
  urldate = {2016-06-29},
  journal = {Human Rights Quarterly},
  author = {Preis, Ann-Belinda S},
  year = {1996},
  pages = {286--315},
  file = {preis-1996-human_rights_as_cultural_practice.pdf:C\:\\Users\\Philipp Schweizer\\OneDrive\\zotero-files\\preis-1996-human_rights_as_cultural_practice.pdf:application/pdf}
}

@article{maienschein2008,
  title = {How {{Can History}} of {{Science Matter}} to {{Scientists}}?},
  volume = {99},
  issn = {0021-1753},
  doi = {10.1086/588692},
  abstract = {ABSTRACT History of science has developed into a methodologically diverse discipline, adding greatly to our understanding of the interplay between science, society, and culture. Along the way, one original impetus for the then newly emerging discipline\textemdash{}what George Sarton called the perspective ``from the point of view of the scientist''\textemdash{}dropped out of fashion. This essay shows, by means of several examples, that reclaiming this interaction between science and history of science yields interesting perspectives and new insights for both science and history of science. The authors consequently suggest that historians of science also adopt this perspective as part of their methodological repertoire.},
  timestamp = {2016-05-23T07:41:48Z},
  number = {2},
  urldate = {2016-05-23},
  journal = {Isis},
  author = {Maienschein, Jane and Laubichler, Manfred and Loettgers, Andrea},
  year = {2008},
  pages = {341--349},
  file = {maienschein-et-al-2008-how_can_history_of_science_matter_to_scientists.pdf:C\:\\Users\\Philipp Schweizer\\OneDrive\\zotero-files\\maienschein-et-al-2008-how_can_history_of_science_matter_to_scientists.pdf:application/pdf}
}

@inproceedings{vicedo1992,
  title = {Is the history of science relevant to the philosophy of science?},
  timestamp = {2016-08-17T21:41:51Z},
  urldate = {2016-08-17},
  booktitle = {{{PSA}}: {{Proceedings}} of the {{Biennial Meeting}} of the {{Philosophy}} of {{Science Association}}},
  publisher = {{JSTOR}},
  author = {Vicedo, Marga},
  year = {1992},
  pages = {490--496},
  file = {Snapshot:C\:\\Users\\Philipp Schweizer\\OneDrive\\zotero\\storage\\C26C9SRA\\192862.html:text/html}
}

@article{thom1984,
  title = {Hermann {{Klenner}}: {{Marxismus}} und {{Menschenrechte}} ({{Book Review}})},
  volume = {32},
  issn = {0012-1045},
  shorttitle = {Hermann {{Klenner}}},
  language = {German},
  timestamp = {2016-06-29T14:32:43Z},
  number = {10},
  urldate = {2016-06-29},
  journal = {Deutsche Zeitschrift f{\"u}r Philosophie},
  author = {Thom, M.},
  month = jan,
  year = {1984},
  file = {thom-1984-hermann_klenner.pdf:C\:\\Users\\Philipp Schweizer\\OneDrive\\zotero-files\\thom-1984-hermann_klenner.pdf:application/pdf}
}

@misc{zotero-null-126,
  title = {The {{Persistence}} of {{Modernism}} | {{Peter J}}. {{Leithart}}},
  abstract = {Modernism keeps surviving its demise.},
  timestamp = {2016-05-10T16:34:08Z},
  urldate = {2016-05-10},
  howpublished = {\url{http://www.firstthings.com/blogs/leithart/2016/05/the-persistence-of-modernism}},
  journal = {First Things},
  file = {Snapshot:C\:\\Users\\Philipp Schweizer\\OneDrive\\zotero\\storage\\QV2Z7D5B\\the-persistence-of-modernism.html:text/html}
}

@article{shier2000,
  title = {Can {{Human Rationality Be Defended}} "{{A Priori}}"?},
  volume = {28},
  issn = {1053-8348},
  abstract = {In this paper, I develop two criticisms of L. Jonathan Cohen's influential a priori argument that human irrationality cannot be experimentally demonstrated. The first is that the argument depends crucially on the concept of a normal human but that no such concept suitable for Cohen's purposes is available. The second is that even if his argument were granted, his thesis of an unimpeachable human capacity for reasoning is not a defense of human reasoning, but rather amounts to the claim that we cannot make any meaningful evaluative claims about human reasoning whatsoever.},
  timestamp = {2016-06-20T11:09:17Z},
  number = {1/2},
  urldate = {2016-06-20},
  journal = {Behavior and Philosophy},
  author = {Shier, David},
  year = {2000},
  pages = {67--81},
  file = {shier-2000-can_human_rationality_be_defended_a_priori.pdf:C\:\\Users\\Philipp Schweizer\\OneDrive\\zotero-files\\shier-2000-can_human_rationality_be_defended_a_priori.pdf:application/pdf}
}

@incollection{lenin1955,
  address = {Berlin},
  edition = {1},
  title = {Was tun? {{Brennende Fragen}} unserer {{Bewegung}}},
  volume = {5},
  timestamp = {2016-03-30T15:31:52Z},
  booktitle = {Werke {{Bd}}. 5},
  publisher = {{Dietz}},
  author = {Lenin, Wladimir Iljitsch},
  year = {1955 (1902)},
  pages = {355--549}
}

@book{eisler1930,
  address = {Berlin},
  title = {Kant-{{Lexikon}}},
  language = {de},
  timestamp = {2016-04-20T14:41:38Z},
  publisher = {{E.S. Mittler \& Sohn}},
  author = {Eisler, Rudolf},
  editor = {{Helmut Kuhn}},
  year = {1930},
  keywords = {Erkenntnistheorie,Kant; Immanuel,Lexikon,Philosophie}
}

@article{glenn1981,
  title = {Ngugi {{Wa Thiong}}'o and the {{Dilemas}} of the {{Intellectual Elite}} in {{Africa}}: {{A Sociological Perspective}}},
  volume = {8},
  issn = {03768902},
  timestamp = {2016-04-20T08:17:28Z},
  number = {2},
  journal = {English in Africa},
  author = {Glenn, Ian},
  year = {1981},
  pages = {53--66},
  file = {glenn-1981-ngugi_wa_thiong'o_and_the_dilemas_of_the_intellectual_elite_in_africa.pdf:C\:\\Users\\Philipp Schweizer\\OneDrive\\zotero-files\\glenn-1981-ngugi_wa_thiong'o_and_the_dilemas_of_the_intellectual_elite_in_africa.pdf:application/pdf}
}

@book{gramsci1998,
  address = {Hamburg},
  edition = {1},
  title = {Gef{\"a}ngnishefte. {{Bd}}. 8: {{Hefte}} 16-21},
  volume = {8},
  shorttitle = {Gef{\"a}ngnishefte {{Bd}}. 8},
  timestamp = {2016-04-02T16:58:17Z},
  publisher = {{Argument}},
  author = {Gramsci, Antonio},
  editor = {{Bochmann, Klaus} and Haug, Wolfgang Fritz and Jehle, Peter},
  collaborator = {Graf, Ruedi and Kuck},
  year = {1998}
}

@incollection{vonwurzbach1886,
  address = {Wien},
  title = {Wei\ss{}egger von  {{Wei\ss{}eneck}}, {{Joseph Maria}}},
  volume = {54},
  timestamp = {2016-06-14T13:27:07Z},
  booktitle = {Biographisches {{Lexikon}} des {{Kaiserthums Oesterreich}}, {{Band}} 54 ({{Weil}} \textendash{} {{Weniger}})},
  publisher = {{Kaiserlich k{\"o}nigliche Hof- und Staatsdruckerei}},
  author = {{von Wurzbach}, Constant},
  editor = {{von Wurzbach}, Constant},
  year = {1886},
  pages = {165--166},
  annote = {
Privatgelehrter in Wien
1784-1797 Berufung als Professor der Weltgeschichte an der Universit{\"a}t zu Freiburg (damals noch {\"O}sterreich
1797 W. wird "Rector Magnificus der Hochschule," sowie "Professor des allgmeinen Staats-, V{\"o}lker- und peinlichen Rechtes, wie auch der Diplomatik, Heraldik, Alterthumskunde und Numismatik"

~},
  file = {von_wurzbach-1886-weißegger_von_weißeneck,_joseph_maria.pdf:C\:\\Users\\Philipp Schweizer\\OneDrive\\zotero-files\\von_wurzbach-1886-weißegger_von_weißeneck,_joseph_maria.pdf:application/pdf}
}

@book{mouffe1979,
  address = {London; Boston},
  title = {Gramsci and {{Marxist}} theory},
  isbn = {978-0-7100-0357-7 978-0-7100-0358-4},
  lccn = {HX288.G7 G73 1979},
  timestamp = {2016-03-06T11:40:49Z},
  publisher = {{Routledge \& Kegan Paul}},
  editor = {Mouffe, Chantal},
  year = {1979},
  keywords = {Gramsci; Antonio,Italien,Kommunismus}
}

@article{elqayam2016,
  title = {Editorial: {{From Is}} to {{Ought}}: {{The Place}} of {{Normative Models}} in the {{Study}} of {{Human Thought}}},
  volume = {7},
  issn = {1664-1078},
  doi = {10.3389/fpsyg.2016.00628},
  timestamp = {2016-08-13T18:53:16Z},
  journal = {Frontiers in Psychology},
  author = {Elqayam, Shira and Over, David E.},
  year = {2016},
  pages = {628},
  file = {elqayam&over-2016-editorial.pdf:C\:\\Users\\Philipp Schweizer\\OneDrive\\zotero-files\\elqayam&over-2016-editorial.pdf:application/pdf}
}

@misc{zotero-null-390,
  title = {{{BRuW}}: {{Naissance}} et signification de la d{\'e}claration universelle des droits de l'homme. {{F}} 166: {{DL MZ}} ({{Sig}}: 05/{{PR}} 2213 {{V486}})},
  timestamp = {2016-06-30T19:33:56Z},
  urldate = {2016-06-29},
  howpublished = {\url{https://hds.hebis.de/ubffm/Record/HEB134316177}},
  file = {UB FFM\: Neues Suchportal Frankfurt\: Titel\: Naissance et signification...:C\:\\Users\\Philipp Schweizer\\OneDrive\\zotero\\storage\\6MVVWAHJ\\HEB134316177.html:text/html}
}

@book{hoare1971,
  address = {New York},
  title = {Selections from the {{Prison Notebooks}} of {{Antonio Gramsci}}},
  isbn = {978-0-7178-0397-2 978-0-7178-0270-8},
  shorttitle = {{{SPN}}},
  language = {eng},
  timestamp = {2016-03-06T11:58:31Z},
  publisher = {{International Publishers}},
  editor = {Hoare, Quintin and Smith, Geoffrey Nowell},
  year = {1971},
  keywords = {Gramsci; Antonio}
}

@article{polonioli2014,
  title = {Rationality and the {{Reflective Mind}}},
  volume = {27},
  issn = {0951-5089},
  doi = {10.1080/09515089.2013.766166},
  timestamp = {2016-08-13T18:56:28Z},
  number = {5},
  journal = {Philosophical Psychology},
  author = {Polonioli, Andrea},
  collaborator = {Stanovich, Keith E.},
  month = sep,
  year = {2014},
  pages = {760--764}
}

@book{grampp2008,
  address = {Konstanz},
  edition = {1. Aufl},
  series = {Historische Kulturwissenschaft},
  title = {Revolutionsmedien \textendash{} {{Medienrevolutionen}}},
  isbn = {978-3-86764-073-2},
  lccn = {P95.8 .R48 2008},
  timestamp = {2016-03-12T14:21:40Z},
  number = {11},
  publisher = {{UVK Verlagsgesellschaft}},
  editor = {Grampp, Sven and Kirchmann, Kay and Sandl, Marcus and Schl{\"o}gl, Rudolf and Wiebel, Eva},
  year = {2008},
  keywords = {Massenmedien,Medien,Mediengeschichte}
}

@book{brennan1997,
  address = {Cambridge, MA},
  series = {Convergences: Inventories of the Present},
  title = {At {{Home}} in the {{World}}: {{Cosmopolitanism Now}}},
  isbn = {978-0-674-05030-3 978-0-674-05031-0},
  lccn = {E169.12 .B694 1997},
  shorttitle = {At {{Home}}},
  timestamp = {2016-08-13T18:43:19Z},
  publisher = {{Harvard University Press}},
  author = {Brennan, Timothy},
  editor = {Said, Edward W.},
  year = {1997},
  keywords = {20th century,American influences,American literature,Arts; Modern,Civilization; Modern,Cosmopolitanism,History,History and criticism,Intellectual life,Popular culture,United States}
}

@article{simon,
  title = {Gramsci's {{Concept}} of {{Hegemony}}},
  timestamp = {2016-03-06T12:01:14Z},
  number = {M{\"a}rz 1977},
  urldate = {2016-03-06},
  journal = {Marxism Today},
  author = {Simon, Roger},
  keywords = {Gramsci; Antonio,Hegemonie},
  pages = {78--86}
}

@article{kyburg1981,
  title = {Intuition, competence, and performance. [{{Peer-Kommentar}} zu "{{Can Human Irrationality Be Experimentally Demonstrated}}?", von {{Jonathan L}}. {{Cohen}}]},
  volume = {4},
  issn = {1469-1825},
  doi = {10.1017/S0140525X00009092},
  timestamp = {2016-08-13T18:55:10Z},
  number = {3},
  urldate = {2016-04-27},
  journal = {Behavioral and Brain Sciences},
  author = {Kyburg, Henry E. Jr.},
  month = sep,
  year = {1981},
  pages = {341--342}
}

@article{farer2008,
  title = {Still {{Searching}} for {{Engagement}}: {{A Comment}} on {{Professor Jean Bethke Elshtain}}'s {{Response}} to {{Un-Just War}} against {{Terrorism}} and the {{Struggle}} to {{Appropriate Human Rights}}},
  volume = {30},
  shorttitle = {Still {{Searching}} for {{Engagement}}},
  timestamp = {2016-06-29T20:41:24Z},
  journal = {Human Rights Quarterly},
  author = {Farer, Tom},
  year = {2008},
  pages = {767},
  file = {farer-2008-still_searching_for_engagement.pdf:C\:\\Users\\Philipp Schweizer\\OneDrive\\zotero-files\\farer-2008-still_searching_for_engagement.pdf:application/pdf}
}

@book{kauffmann1994,
  title = {"{{Es}} ist nur ein {{Wien}}!": {{Stadtbeschreibungen}} von {{Wien}} 1700 bis 1873: {{Geschichte}} eines literarischen {{Genres}} der {{Wiener Publizistik}}},
  volume = {29},
  shorttitle = {"{{Es}} ist nur ein {{Wien}}!"},
  timestamp = {2016-06-14T12:10:10Z},
  urldate = {2016-04-27},
  publisher = {{B{\"o}hlau Verlag Wien}},
  author = {Kauffmann, Kai},
  year = {1994},
  file = {Snapshot:C\:\\Users\\Philipp Schweizer\\OneDrive\\zotero\\storage\\Q4TX5UGA\\books.html:text/html}
}

@article{huar1980,
  title = {Zur {{Herausbildung}} der dialektisch-materialistischen {{Theorie}} der {{Politik}} in den {{Fr{\"u}hschriften}} von {{Marx}} und {{Engels}}},
  volume = {28},
  issn = {0012-1045},
  language = {de},
  timestamp = {2016-07-02T15:32:46Z},
  number = {7},
  journal = {Deutsche Zeitschrift f{\"u}r Philosophie},
  author = {Huar, Ulrich},
  year = {1980},
  keywords = {Marx,Marx; Frühschriften,Politiktheorie; dialektisch-materialistische},
  pages = {815--826},
  file = {huar-1980-zur_herausbildung_der_dialektisch-materialistischen_theorie_der_politik_in_den.pdf:C\:\\Users\\Philipp Schweizer\\OneDrive\\zotero-files\\huar-1980-zur_herausbildung_der_dialektisch-materialistischen_theorie_der_politik_in_den.pdf:application/pdf}
}

@misc{zotero-null-325,
  title = {{{UB FFM}}: {{Neues Suchportal Frankfurt}}: {{Titel}}: {{Kataloge}} der...},
  timestamp = {2016-06-15T09:31:10Z},
  urldate = {2016-06-15},
  howpublished = {\url{https://hds.hebis.de/ubffm/Record/HEB049194623}},
  file = {UB FFM\: Neues Suchportal Frankfurt\: Titel\: Kataloge der...:C\:\\Users\\Philipp Schweizer\\OneDrive\\zotero\\storage\\TA5G6BBJ\\HEB049194623.html:text/html}
}

@incollection{lohmann1999,
  address = {Stuttgart; Weimar},
  title = {Karl {{Marx}} fatale {{Kritik}} der {{Menschenrechte}}},
  timestamp = {2016-07-29T10:16:13Z},
  booktitle = {Politisches {{Denken}}. {{Jahrbuch}}},
  publisher = {{J. B. Metzler}},
  author = {Lohmann, Georg},
  editor = {Ballestrem, Karl Graf and Gerhardt, Volker and Ottmann, Henning and Thompson, Martyn P.},
  year = {1999},
  pages = {91--104}
}

@article{biedermann1983,
  title = {Der {{Ursprung}} der dialektischen {{Logik}} in der ,,{{Kritik}} der reinen {{Vernunft}}`` von {{Immanuel Kant}}},
  volume = {31},
  issn = {0012-1045},
  language = {de},
  timestamp = {2016-04-20T14:41:37Z},
  number = {10},
  journal = {Deutsche Zeitschrift f{\"u}r Philosophie},
  author = {Biedermann, Georg},
  year = {1983},
  keywords = {Dialektik; materialistische,DZfPH,Kant; Immanuel,Kant; KdV,Logik},
  pages = {1184--1198},
  file = {biedermann-1983-der_ursprung_der_dialektischen_logik_in_der_„kritik_der_reinen_vernunft“_von.pdf:C\:\\Users\\Philipp Schweizer\\OneDrive\\zotero-files\\biedermann-1983-der_ursprung_der_dialektischen_logik_in_der_„kritik_der_reinen_vernunft“_von.pdf:application/pdf}
}

@book{held2013,
  address = {Freiburg},
  series = {Kosmopolis},
  title = {Kosmopolitanismus: {{Ideal}} und {{Wirklichkeit}}},
  isbn = {978-3-495-48550-7},
  shorttitle = {Kosmopolitanismus},
  language = {ger},
  timestamp = {2016-06-22T12:19:15Z},
  number = {1},
  publisher = {{Karl Alber}},
  author = {Held, David},
  translator = {Weiler, Eva},
  year = {2013},
  note = {OCLC: 844094105},
  keywords = {Global Governance,Weltbürgertum,Weltordnung},
  annote = {\#\# Kapitel 2
\#\#\# Kosmopolitane Prinzipien
- lassen sich diese Prinzipien vielleicht gut mit der "Judenfrage" und anderen Schriften Marx' konfrontieren? Das hei\ss{}t, l{\"a}sst sich die marxsche Kritik der Menschen- und B{\"u}rgerrechte auf diese Prinzipien anwenden? Kann gezeigt werden, dass sie den Mensch (immer noch) nicht als Gattungwesen auffassen und die ganze b{\"u}rgerliche Ideologie in diesen Prinzipien enthalten ist?
S. 66 (im Original auf Seite 69)
1. gleicher Wert und gleiche W{\"u}rde (equal worth and dignity) = Prinzip des individualistischen moralischen Egalitarismus = egalitaristischer Individualismus.
- das geht vlt. in die "richtige" richtung, denn:
\ensuremath{>} "das erste Prinzip besagt, dass der individuelle Mensch der grundlegende Bezugspunkt moralischer {\"U}berlegungen ist, und nicht Staaten oder andere Formen menschlicher Zusammenschl{\"u}sse."
- der individuelle Mensch als grundlegender Bezugspunkt ...
- Marx: Menschenrechte = Rechte des Mitglieds der b{\"u}rgerlichen Gesellschaft = sogenannte Menschenrechte
\ensuremath{>} "Die Menschheit geh{\"o}rt einer einzigen "moralischen Sph{\"a}re" an, in der jede Person als des Respekts und der Ber{\"u}cksichtigung gleicherma\ss{}en w{\"u}rdig betrachtet wird."
- dieser Universalismus muss zun{\"a}chst positiv bewertet werden, er geht in die richtige Richtung. Die Frage ist nun, welche normativen Kriterien, welcher kategorische Imperativ liegt dieser "Sph{\"a}re" zugrunde?
- weitere Fragen: kann eine Person ihren Wert und W{\"u}rde verlieren? Unter welchen Umst{\"a}nden und mit welcher Konsequenz?
- was verbirgt sich hinter einer Rede von "betrachtet man..."?
2. aktive Handlungsf{\"a}higkeit (active agency) = "die F{\"a}higkeit ... die menschliche Gemeinschaft nicht nur zu akzeptieren, sondern sie auch, im Zusammenhang mit den Entscheidungen anderer, durch das eigene Handeln zu formen."
- weiterhin: "das menschliche Verm{\"o}gen, selbstbewusst zu denken, das eigene Handeln zu reflektieren und selbst zu bestimmen."
- beinhaltet dieses Prinzip das Menschenrecht der Freiheit und das des Privateigentums? Wahrscheinlich ist es, kann man sich n{\"a}mlich kaum vorstellen, dass Held gegen das Recht auf Privateigentum auftreten wird.
Freiheit: "das Recht des beschr{\"a}nkten, auf sich beschr{\"a}nkten Individuums." es ist das Recht auf Absonderung
Privateigentum: "praktische Nutzanwendung des Menschenrechts der Freiheit" und was hei\ss{}t Privateigentum? Das Recht des Eigennutzes.
Das Recht der Freiheit und seine praktische Umsetzung als Recht des Privateigentums bilden zusammen die Grundlage der b{\"u}rgerlichen Gesellschaft:
\ensuremath{>} "Sie l{\"a}\ss{}t jeden Menschen im andern Menschen nicht die Verwirklichung, sondern vielmehr die Schranke seiner Freiheit finden." [@marx1981, S. 365]
Besonders kritisch ist vermutlich folgender Satz von Held:
\ensuremath{>}
3. pers{\"o}nliche Verantwortung und Rechenschaftspflichtigkeit (personal responsibility and accountability)
-
4. Zustimmung (consent)
5. gemeinschaftliches Entscheiden {\"o}ffentlicher Fragen durch Wahlverfahren (collective decision-making about public matters through voting procedures)
6. Inklusivit{\"a}t und Subsidarit{\"a}t (inclusiveness and subsidiarity)
7. Vermeidung schweren Leids (avoidance of serious harm)
8. Nachhaltigkeit (sustainability)
- bei der nachhaltigkeit kommt es nat{\"u}rlich darauf an, wie sie gedacht wird. hier muss man den klassenstandpunkt herausarbeiten bzw. entbl{\"o}\ss{}en
~
~
~
~
~},
  file = {held2013-kapitel3.pdf:C\:\\Users\\Philipp Schweizer\\OneDrive\\zotero\\storage\\54M6ZDF8\\held2013-kapitel3.pdf:application/pdf;held2013-kapitel5.pdf:C\:\\Users\\Philipp Schweizer\\OneDrive\\zotero\\storage\\7V38UCQJ\\held2013-kapitel5.pdf:application/pdf;Table of Contents PDF:C\:\\Users\\Philipp Schweizer\\OneDrive\\zotero\\storage\\8IB8QH8U\\Held und Weiler - 2013 - Kosmopolitanismus Ideal und Wirklichkeit.pdf:application/pdf;held2013-kapitel2.pdf:C\:\\Users\\Philipp Schweizer\\OneDrive\\zotero\\storage\\DFZGAS2K\\held2013-kapitel2.pdf:application/pdf}
}

@book{eells1991,
  address = {Amsterdam; Atlanta, GA},
  series = {Pozna{\'n} Studies in the Philosophy of the Sciences and the Humanities},
  title = {Probability and {{Rationality}}: {{Studies}} on {{L}}. {{Jonathan Cohen}}'s {{Philosophy}} of {{Science}}},
  shorttitle = {Probability and rationality},
  timestamp = {2016-08-13T18:49:12Z},
  number = {21},
  urldate = {2016-08-13},
  publisher = {{Rodopi}},
  editor = {Eells, Ellery and Maruszewski, Tomasz},
  year = {1991},
  file = {Snapshot:C\:\\Users\\Philipp Schweizer\\OneDrive\\zotero\\storage\\JPR883J7\\books.html:text/html}
}

@misc{zotero-null-327,
  title = {{{UB FFM}}: {{Neues Suchportal Frankfurt}}: {{Titel}}: {{Jurisprudenz}} in {{Freiburg}} :...},
  timestamp = {2016-06-15T09:38:22Z},
  urldate = {2016-06-15},
  howpublished = {\url{https://hds.hebis.de/ubffm/Record/HEB190288302}},
  file = {UB FFM\: Neues Suchportal Frankfurt\: Titel\: Jurisprudenz in Freiburg \:...:C\:\\Users\\Philipp Schweizer\\OneDrive\\zotero\\storage\\CDTUHW6B\\HEB190288302.html:text/html}
}

@book{ludwig1995,
  address = {M{\"u}nchen},
  title = {Kant f{\"u}r {{Anf{\"a}nger}}. {{Die Kritik}} der reinen {{Vernunft}}},
  isbn = {3-423-04662-7},
  language = {ger},
  timestamp = {2016-04-20T15:06:43Z},
  publisher = {{Deutscher Taschenbuch Verlag}},
  author = {Ludwig, Ralf},
  year = {1995},
  keywords = {Kant; Immanuel,Kritik der reinen Vernunft},
  file = {ludwig-1995-kant_für_anfänger.pdf:C\:\\Users\\Philipp Schweizer\\OneDrive\\zotero-files\\ludwig-1995-kant_für_anfänger.pdf:application/pdf}
}

@article{steward1948,
  title = {Comments on the {{Statement}} on {{Human Rights}}},
  volume = {50},
  issn = {00027294, 15481433},
  timestamp = {2016-06-29T20:20:01Z},
  number = {2},
  journal = {American Anthropologist},
  author = {Steward, Julian H.},
  year = {1948},
  pages = {351--352},
  file = {steward-1948-comments_on_the_statement_on_human_rights.pdf:C\:\\Users\\Philipp Schweizer\\OneDrive\\zotero-files\\steward-1948-comments_on_the_statement_on_human_rights.pdf:application/pdf}
}

@incollection{burian1980,
  title = {Why philosophers should not despair of understanding scientific discovery},
  timestamp = {2016-08-17T21:32:58Z},
  urldate = {2016-08-17},
  booktitle = {Scientific {{Discovery}}, {{Logic}}, and {{Rationality}}},
  publisher = {{Springer}},
  author = {Burian, Richard M.},
  year = {1980},
  pages = {317--336},
  file = {Snapshot:C\:\\Users\\Philipp Schweizer\\OneDrive\\zotero\\storage\\XXKVMU4E\\978-94-009-8986-3_14.html:text/html}
}

@article{klenner1989,
  title = {Zweihundert {{Jahre}} "{{D{\'e}claration}} des droits de l'homme et du citoyen"},
  volume = {37},
  issn = {0012-1045},
  language = {German},
  timestamp = {2016-06-29T14:50:18Z},
  number = {8},
  urldate = {2016-06-29},
  journal = {Deutsche Zeitschrift f{\"u}r Philosophie},
  author = {Klenner, H.},
  year = {1989},
  file = {klenner-1989-zweihundert_jahre_déclaration_des_droits_de_l'homme_et_du_citoyen.pdf:C\:\\Users\\Philipp Schweizer\\OneDrive\\zotero-files\\klenner-1989-zweihundert_jahre_déclaration_des_droits_de_l'homme_et_du_citoyen.pdf:application/pdf}
}

@book{cadiero-kaplan2004,
  title = {The {{Literacy Curriculum}} and {{Bilingual Education}}: {{A Critical Examination}}},
  volume = {243},
  shorttitle = {The literacy curriculum and bilingual education},
  timestamp = {2016-04-19T21:35:24Z},
  urldate = {2016-04-19},
  publisher = {{Peter Lang}},
  author = {Cadiero-Kaplan, Karen},
  year = {2004},
  file = {cadiero-kaplan-2004-the_literacy_curriculum_and_bilingual_education.pdf:C\:\\Users\\Philipp Schweizer\\OneDrive\\zotero-files\\cadiero-kaplan-2004-the_literacy_curriculum_and_bilingual_education.pdf:application/pdf}
}

@misc{zotero-null-62,
  title = {{{JSTOR}}: {{Search Results}}},
  timestamp = {2016-04-19T20:45:54Z},
  urldate = {2016-04-19},
  howpublished = {\url{http://www.jstor.org/action/doBasicSearch?Query=hegemony+knowledge\&acc=on\&wc=on\&fc=off\&group=test}},
  file = {JSTOR\: Search Results:C\:\\Users\\Philipp Schweizer\\OneDrive\\zotero\\storage\\DS3KNG6T\\doBasicSearch.html:text/html}
}

@book{debus2013,
  address = {Schwalbach/Ts},
  series = {Zeitschrift f{\"u}r Menschenrechte},
  title = {Menschenrechte und {{Kritik}}},
  volume = {2},
  isbn = {978-3-89974-900-7},
  language = {ger},
  timestamp = {2016-07-04T12:07:35Z},
  number = {Jg. 7},
  publisher = {{Wochenschau-Verlag}},
  editor = {Debus, Tessa and Kreide, Regina and Krennerich, Michael and Malowitz, Karsten and Pollmann, Arnd and Zwingel, Susanne and Lohmann, Georg},
  year = {2013},
  note = {OCLC: 880369443},
  keywords = {Aufsatzsammlung,Kritik,Menschenrecht},
  file = {debus-et-al-2013-menschenrechte_und_kritik.pdf:C\:\\Users\\Philipp Schweizer\\OneDrive\\zotero-files\\debus-et-al-2013-menschenrechte_und_kritik.pdf:application/pdf;Table of Contents PDF:C\:\\Users\\Philipp Schweizer\\OneDrive\\zotero\\storage\\ANWZU6D5\\Debus et al. - 2014 - Menschenrechte und Kritik.pdf:application/pdf}
}

@book{hoffe2004,
  address = {M{\"u}nchen},
  edition = {4},
  title = {Kants {{Kritik}} der reinen {{Vernunft}}},
  isbn = {3-406-50919-3},
  lccn = {02/CF 5017 H693 (2)},
  language = {de},
  timestamp = {2016-04-20T14:41:38Z},
  publisher = {{C. H. Beck}},
  author = {H{\"o}ffe, Otfried},
  year = {2004},
  keywords = {Kant; Immanuel,Kant; KdV},
  file = {höffe-2004-kants_kritik_der_reinen_vernunft.pdf:C\:\\Users\\Philipp Schweizer\\OneDrive\\zotero-files\\höffe-2004-kants_kritik_der_reinen_vernunft.pdf:application/pdf}
}

@incollection{bochmann1991,
  address = {Hamburg},
  edition = {1},
  title = {Chronologie des {{Lebens}} von {{Antonio Gramsci}}},
  timestamp = {2016-04-01T12:55:07Z},
  booktitle = {Antonio {{Gramsci}}. {{Gef{\"a}ngnishefte}}. {{Bd}}. 1. {{Heft}} 1},
  publisher = {{Argument}},
  editor = {Bochmann, Klaus},
  year = {1991 (1930-32)},
  pages = {47--65}
}

@article{nier1986,
  title = {The {{Importance}} of {{Historical Accuracy}} in {{Philosophy}} of {{Science}}: {{The Case}} of {{Curd}}'s {{Conception}} of {{Copernican Rationality}}},
  shorttitle = {The {{Importance}} of {{Historical Accuracy}} in {{Philosophy}} of {{Science}}},
  timestamp = {2016-08-17T21:35:17Z},
  urldate = {2016-08-17},
  journal = {Philosophy of science},
  author = {Nier, Keith A.},
  year = {1986},
  pages = {372--394},
  file = {Snapshot:C\:\\Users\\Philipp Schweizer\\OneDrive\\zotero\\storage\\5ACSIAAM\\187675.html:text/html}
}

@book{weissegger1799,
  title = {Syrach der {{Enkel}}, oder, ein {{Wort}} der {{Wahrheit}} uber die {{Frage}}: haben die frankishen {{Direktoren}} oder der {{Kaiser}} den {{Frieden Deutschlands}} gehindert?},
  shorttitle = {Syrach der {{Enkel}}, oder, ein {{Wort}} der {{Wahrheit}} uber die {{Frage}}},
  timestamp = {2016-07-14T16:38:06Z},
  urldate = {2016-04-27},
  publisher = {{Dannheimer}},
  author = {Weissegger, Joseph Maria},
  year = {1799},
  file = {[HTML] from google.de:C\:\\Users\\Philipp Schweizer\\OneDrive\\zotero\\storage\\S2PCMVGF\\books.html:text/html}
}

@article{hawley1980,
  title = {Antonio {{Gramsci}}'s {{Marxism}}: {{Class}}, {{State}} and {{Work}}},
  volume = {27},
  issn = {0037-7791},
  shorttitle = {Antonio {{Gramsci}}'s {{Marxism}}},
  doi = {10.2307/800198},
  abstract = {Three things are attempted in this paper: to locate (briefly) Gramsci's Marxism in its historical context; to describe Gramsci's Marxism as an attempt at the creation of a theory of advanced capitalist society, especially in his treatment of the central concepts and/or realities of class, state and work; and to evaluate the limitations of his Marxism as a critical theory of society, specifically his discussion of work, sexuality and technology. The paper develops Gramsci's concepts of the historical bloc, his use of historicism, the importance of organic intellectuals and his concept of hegemony and its relation to the modalities of class rule, and suggests that these are aspects of a stunning and new critical theory of society. His analysis of work, however, was ultimately based on a Taylorist conception of productive technology and of the social relations and organization which necessitated the "regulation" of human (sexual) instincts in the divorce of mind from body, object from subject and, ultimately, theory from practice. This reintroduced through the back door the Hegelian duality between thought and being. I stress the conservative implications of these formulations and conclude that Gramsci's analysis lacked both an holistic discussion of work and a critical analysis of production-as-technique.},
  timestamp = {2016-03-05T14:56:55Z},
  number = {5},
  urldate = {2016-03-05},
  journal = {Social Problems},
  author = {Hawley, James P.},
  year = {1980},
  pages = {584--600}
}

@article{nickles1995,
  title = {Philosophy of science and history of science},
  volume = {10},
  timestamp = {2016-08-17T21:38:27Z},
  urldate = {2016-08-17},
  journal = {Osiris},
  author = {Nickles, Thomas},
  year = {1995},
  pages = {138--163},
  file = {Snapshot:C\:\\Users\\Philipp Schweizer\\OneDrive\\zotero\\storage\\HJM8A3FN\\368747.html:text/html}
}

@misc{centerforhistoryandnewmedia,
  title = {Schnelleinstieg},
  timestamp = {2016-05-18T09:34:36Z},
  howpublished = {\url{http://zotero.org/support/quick_start_guide}},
  author = {{Center for History and New Media}},
  annote = {Willkommen bei Zotero!Anhand des Schnelleinstiegs l{\"a}sst sich das Sammeln, Handhaben, Zitieren und Teilen von Quellen erlernen.Vielen Dank, dass Sie Zotero installiert haben.}
}

@article{sloman1996,
  title = {The {{Empirical Case}} for {{Two Systems}} of {{Reasoning}}},
  volume = {119},
  copyright = {(c) 2012 APA, all rights reserved},
  issn = {1939-1455(Electronic);0033-2909(Print)},
  doi = {10.1037/0033-2909.119.1.3},
  abstract = {Distinctions have been proposed between systems of reasoning for centuries. This article distills properties shared by many of these distinctions and characterizes the resulting systems in light of recent findings and theoretical developments. One system is associative because its computations reflect similarity structure and relations of temporal contiguity. The other is "rule based" because it operates on symbolic structures that have logical content and variables and because its computations have the properties that are normally assigned to rules. The systems serve complementary functions and can simultaneously generate different solutions to a reasoning problem. The rule-based system can suppress the associative system but not completely inhibit it. The article reviews evidence in favor of the distinction and its characterization.},
  timestamp = {2016-04-30T21:20:35Z},
  number = {1},
  journal = {Psychological Bulletin},
  author = {Sloman, Steven A.},
  year = {1996},
  keywords = {*Associative Processes,Reasoning},
  pages = {3--22}
}

@book{schwarzmantel2015,
  address = {London; New York},
  series = {The Routledge Guides to the Great Books},
  title = {The {{Routledge Guidebook}} to {{Gramsci}}'s {{Prison Notebooks}}},
  isbn = {978-0-415-71416-7 978-0-415-71417-4},
  lccn = {HX288.G7 S357 2015},
  shorttitle = {Guidebook {{Prison Notebooks}}},
  abstract = {"Gramsci's Prison Notebooks are one of the most important and original sources of modern political philosophy but the Prison Notebooks present great difficulties to the reader. Not originally intended for publication, their fragmentary character and their often cryptic language can mystify readers, leading to misinterpretation of the text. The Routledge Guidebook to Gramsci's Prison Notebooks provides readers with the historical background, textual analysis and other relevant information needed for a greater understanding and appreciation of this classic text. This guidebook: - Explains the arguments presented by Gramsci in a clear and straightforward way, analysing the key concepts of the notebooks. - Situates Gramsci's ideas in the context of his own time, and in the history of political thought demonstrating the innovation and originality of the Prison Notebooks. - Provides critique and analysis of Gramsci's conceptualisation of politics and history (and culture in general), with reference to contemporary (i.e. present-day) examples where relevant. - Examines the relevance of Gramsci in the modern world and discusses why his ideas have such resonance in academic discourse Featuring historical and political examples to illustrate Gramsci's arguments, along with suggestions for further reading, this is an invaluable guide for anyone who wants to engage more fully with The Prison Notebooks"--},
  timestamp = {2016-03-06T13:55:38Z},
  publisher = {{Routledge}},
  author = {Schwarzmantel, John J.},
  year = {2015},
  keywords = {Gramsci; Antonio,Philosophy,Politikwissenschaften},
  file = {schwarzmantel-2015-the_routledge_guidebook_to_gramsci's_prison_notebooks.pdf:C\:\\Users\\Philipp Schweizer\\OneDrive\\zotero-files\\schwarzmantel-2015-the_routledge_guidebook_to_gramsci's_prison_notebooks.pdf:application/pdf}
}

@book{seidler1991,
  address = {Berlin; Heidelberg},
  edition = {1},
  title = {Die {{Medizinische Fakult{\"a}t}} der {{Albert-Ludwigs-Universit{\"a}t Freiburg}} im {{Breisgau}}: {{Grundlagen}} und {{Entwicklungen}}},
  isbn = {978-3-662-06666-9},
  shorttitle = {Fakult{\"a}t},
  language = {German},
  timestamp = {2016-06-15T08:30:08Z},
  publisher = {{Springer}},
  author = {Seidler, Eduard},
  year = {1991},
  note = {OCLC: 859184495},
  annote = {Das einzige was wir in diesem Buch {\"u}ber Weissegger erfahren ist, dass er irgendwann vor dem 18.1.1806 ({\"U}bergabe des Breisgaus an Baden) Teil einer Delegation zum Kurf{\"u}rsten in Karlsruhe war:
"Noch vor der formellen {\"U}bergabe des Breisgaus an Baden, am 16.1.1806, reiste eine Universit{\"a}tsdelegation nach Karlsruhe; ihr geh{\"o}rten an der Prorektor und Professor f{\"u}r Weltgeschichte Johann Maria Weissegger, der Professor der sch{\"o}nen Wissenschaften Johann Georg Jacobi und der Dekan der Medizinischen Fakult{\"a}t, der Chirurg und Geburtshelfer J. M. Alexander Ecker." (S. 77)}
}

@article{samuels2012,
  title = {Ending the {{Rationality Wars}}: {{How}} to {{Make Disputes About Human Rationality Disappear}}},
  volume = {2},
  timestamp = {2016-06-13T19:45:59Z},
  urldate = {2016-06-13},
  journal = {Collected Papers, Volume 2: Knowledge, Rationality, and Morality, 1978-2010},
  author = {Samuels, Richard and Stich, Stephen and Bishop, Michael},
  year = {2012},
  pages = {191},
  file = {samuels-et-al-2012-ending_the_rationality_wars.pdf:C\:\\Users\\Philipp Schweizer\\OneDrive\\zotero-files\\samuels-et-al-2012-ending_the_rationality_wars.pdf:application/pdf;Snapshot:C\:\\Users\\Philipp Schweizer\\OneDrive\\zotero\\storage\\IKG6KX9G\\books.html:text/html}
}

@article{klenner1989a,
  title = {Die {{Menschenrechte}} im ideologischen {{Klassenkampf}} der {{Gegenwart}}},
  volume = {37},
  issn = {0012-1045},
  language = {German},
  timestamp = {2016-06-29T14:50:10Z},
  number = {7},
  urldate = {2016-06-29},
  journal = {Deutsche Zeitschrift f{\"u}r Philosophie},
  author = {Klenner, H.},
  year = {1989},
  file = {klenner-1989-die_menschenrechte_im_ideologischen_klassenkampf_der_gegenwart.pdf:C\:\\Users\\Philipp Schweizer\\OneDrive\\zotero-files\\klenner-1989-die_menschenrechte_im_ideologischen_klassenkampf_der_gegenwart.pdf:application/pdf}
}

@article{gigerenzer1991,
  title = {How to {{Make Cognitive Illusions Disappear}}: {{Beyond}} ``{{Heuristics}} and {{Biases}}''},
  volume = {2},
  issn = {1046-3283, 1479-277X},
  shorttitle = {How to {{Make Cognitive Illusions Disappear}}},
  doi = {10.1080/14792779143000033},
  language = {en},
  timestamp = {2016-05-23T11:37:34Z},
  number = {1},
  urldate = {2016-05-23},
  journal = {European Review of Social Psychology},
  author = {Gigerenzer, Gerd},
  month = jan,
  year = {1991},
  pages = {83--115}
}

@article{cohen1983,
  title = {The controversy about irrationality},
  volume = {6},
  timestamp = {2016-08-13T18:51:56Z},
  number = {3},
  urldate = {2016-08-12},
  journal = {Behavioral and Brain Sciences},
  author = {Cohen, L. Jonathan},
  year = {1983},
  pages = {510--517}
}

@incollection{mestmacker1981,
  address = {Opladen},
  title = {Mehrheitsgl{\"u}ck und {{Minderheitsherrschaft}}\textemdash{}{{Zu Jeremy Benthams Kritik}} der {{Menschenrechte}}},
  timestamp = {2016-07-30T08:43:05Z},
  urldate = {2016-06-28},
  booktitle = {{\"O}ffentliche {{Meinung}} und sozialer {{Wandel}} / {{Public Opinion}} and {{Social Change}}},
  publisher = {{Westdeutscher Verlag}},
  author = {Mestm{\"a}cker, Ernst-Joachim},
  editor = {Baier, Horst and Kepplinger, Hans Mathias and Reumann, Kurt},
  year = {1981},
  pages = {316--327},
  file = {mestmäcker-1981-mehrheitsglück_und_minderheitsherrschaft—zu_jeremy_benthams_kritik_der.pdf:C\:\\Users\\Philipp Schweizer\\OneDrive\\zotero-files\\mestmäcker-1981-mehrheitsglück_und_minderheitsherrschaft—zu_jeremy_benthams_kritik_der.pdf:application/pdf}
}

@article{harel2016,
  title = {Preaching a {{Post}}-modernist {{Holocaust}}},
  abstract = {The revisionists employed by the institutions for Holocaust education think that what is taught today is 'dogmatic.'},
  language = {en},
  timestamp = {2016-05-10T16:50:36Z},
  urldate = {2016-05-10},
  journal = {Haaretz},
  author = {Harel, Israel},
  month = may,
  year = {2016},
  keywords = {Holocaust,Holocaust studies,Zionism}
}

@article{klenner1980,
  title = {J{\"u}rgen {{Kuczynski}}: {{Menschenrechte}} und {{Klassenrechte}} ({{Book Review}})},
  volume = {28},
  issn = {0012-1045},
  shorttitle = {J{\"u}rgen {{Kuczynski}}},
  language = {German},
  timestamp = {2016-06-29T14:49:55Z},
  number = {3},
  urldate = {2016-06-29},
  journal = {Deutsche Zeitschrift f{\"u}r Philosophie},
  author = {Klenner, H.},
  year = {1980},
  file = {klenner-1980-jürgen_kuczynski.pdf:C\:\\Users\\Philipp Schweizer\\OneDrive\\zotero-files\\klenner-1980-jürgen_kuczynski.pdf:application/pdf}
}

@book{santucci2010,
  address = {New York},
  title = {Antonio {{Gramsci}}},
  isbn = {978-1-58367-210-5 978-1-58367-211-2},
  lccn = {HX289.7.G73 S2413 2010},
  language = {eng},
  timestamp = {2016-03-06T15:54:31Z},
  publisher = {{Monthly Review Press}},
  author = {Santucci, Antonio A.},
  translator = {{Di Mauro}, Graziella and {Engel-Di Mauro}, Salvatore},
  collaborator = {Hobsbawm, E. J. and Buttigieg, Joseph A. and {La Porta}, Lelio},
  year = {2010},
  keywords = {Gramsci; Antonio,Italien,Kommunismus},
  annote = {"Antonio Gramsci is a giant of Marxian thought and one of the world's greatest cultural critics. Antonio A. Santucci is perhaps the world's preeminent Gramsci scholar. Monthly Review Press is proud to publish, for the first time in English, Santucci's masterful intellectual biography of the great Sardinian scholar and revolutionary. Gramscian terms such as 'civil society' and 'hegemony' are much used in everyday political discourse. Santucci warns us, however, that these words have been appropriated by both radicals and conservatives for contemporary and often self-serving ends that often have nothing to do with Gramsci's purposes in developing them. Rather what we must do, and what Santucci illustrates time and again in his dissection of Gramsci's writings, is absorb Gramsci's methods." -- Publisher description ""This book is a brilliant and stimulating synthesis of Gramsci's life and thought. Students and scholars alike will find it extremely rewarding. Antonio A. Santucci brings to the study of Gramsci a fine historical sensitivity and a rigorous theoretical depth."---Benedetto Fontana, Baruch College, author of Hegemony and Power: On the Relation Between Gramsci and Machiavelli" "Antonio Gramsci is a giant of Marxian thought and one of the world's greatest cultural critics. Antonio A. Santucci was perhaps the world's preeminent Gramsci scholar. Monthly Review Press is proud to publish, for the first time in English, Santucci's masterful intellectual biography of the great Sardinian scholar and revolutionary." "Gramscian terms such as "civil society" and "hegemony" are much used in everyday political discourse. Santucci warns us, however, that these words have been appropriated by both radicals and conservatives for contemporary and often self-serving ends that have nothing to do with Gramsci's purposes in developing them. Rather what we must do, and what Santucci illustrates time and again in his dissection of Gramsci's writings, is absorb Gramsci's methods. These can be summed up as the suspicion of "grand explanatory schemes," the unity of theory and practice, and a focus on the details of everyday life. The rigor of Santucci's examination of Gramsci's life and work matches that of the seminal thought of the master himself."--BOOK JACKET},
  annote = {Introduction --- The political writings --- The letters from prison --- The prison notebooks --- end-of-century Gramsci},
  annote = {"Orignally published as Antonio Gramsci, 1897-1937, by Sellerio editore, Palermo, Italy, c2005"--T.p. verso}
}

@article{steinle2002,
  title = {Introduction: {{History}} of {{Science}} and {{Philosophy}} of {{Science}}},
  volume = {10},
  issn = {1530-9274},
  shorttitle = {Introduction},
  timestamp = {2016-08-17T21:26:37Z},
  number = {4},
  urldate = {2016-08-17},
  journal = {Perspectives on Science},
  author = {Steinle, Friedrich and Burian, Richard M.},
  year = {2002},
  pages = {391--397},
  file = {steinle&burian-2002-introduction.pdf:C\:\\Users\\Philipp Schweizer\\OneDrive\\zotero-files\\steinle&burian-2002-introduction.pdf:application/pdf}
}

@article{cohen1987,
  title = {What are the foundations of normative theories about human reasoning?},
  volume = {10},
  timestamp = {2016-08-13T18:50:04Z},
  number = {2},
  urldate = {2016-08-12},
  journal = {Behavioral and Brain Sciences},
  author = {Cohen, L. Jonathan},
  year = {1987},
  pages = {312--313}
}

@article{schneider2006,
  title = {Gibt es nichtmediale {{Kommunikation}}?},
  language = {de},
  timestamp = {2016-04-14T17:00:44Z},
  number = {44},
  journal = {Zeitschrift f{\"u}r Angewandte Linguistik},
  author = {Schneider, Jan Georg},
  year = {2006},
  keywords = {Faulstich; Werner,Kittler; Friedrich,Kommunikation,Kommunikationsformen,Kommunikationstheorie,Linguistik,McLuhan,Medialität,Mediendefinitionen,Medientheorie,Medium,Performanz,Sandbothe; Mike,Zeichensystem},
  pages = {71--90}
}

@book{agassi2008a,
  address = {Berlin},
  series = {Boston Studies in the Philosophy of Science},
  title = {Science and {{Its History}}: {{A Reassessment}} of the {{Historiography}} of {{Science}}},
  isbn = {978-1-4020-5631-4 978-1-4020-5632-1},
  shorttitle = {Science and {{Its History}}},
  language = {eng},
  timestamp = {2016-05-18T21:41:12Z},
  number = {253},
  publisher = {{Springer}},
  author = {Agassi, Joseph},
  year = {2008},
  keywords = {Science Historiography,Wissenschaftsgeschichtsschreibung,Wissenschaftstheorie},
  file = {agassi-2008-science_and_its_history.pdf:C\:\\Users\\Philipp Schweizer\\OneDrive\\zotero-files\\agassi-2008-science_and_its_history.pdf:application/pdf}
}

@article{pinnick2000,
  title = {Philosophy of science and history of science: {{A}} troubling interaction},
  volume = {31},
  shorttitle = {Philosophy of science and history of science},
  timestamp = {2016-05-18T12:03:15Z},
  number = {1},
  urldate = {2016-05-18},
  journal = {Journal for General Philosophy of Science},
  author = {Pinnick, Cassandra and Gale, George},
  year = {2000},
  pages = {109--125},
  file = {pinnick&gale-2000-philosophy_of_science_and_history_of_science.pdf:C\:\\Users\\Philipp Schweizer\\OneDrive\\zotero-files\\pinnick&gale-2000-philosophy_of_science_and_history_of_science.pdf:application/pdf;Snapshot:C\:\\Users\\Philipp Schweizer\\OneDrive\\zotero\\storage\\IBJIP3WD\\A1008353021407.html:text/html}
}

@article{defreitasaraujo2016,
  title = {Toward a philosophical history of psychology: {{An}} alternative path for the future},
  shorttitle = {Toward a philosophical history of psychology},
  timestamp = {2016-08-17T21:19:55Z},
  urldate = {2016-08-17},
  journal = {Theory \& Psychology},
  author = {{de Freitas Araujo}, Saulo},
  year = {2016},
  pages = {0959354316656062},
  file = {Snapshot:C\:\\Users\\Philipp Schweizer\\OneDrive\\zotero\\storage\\FDJ2BDM6\\0959354316656062.html:text/html}
}

@book{mcluhan1964,
  address = {New York},
  title = {Understanding {{Media}}: {{The Extensions}} of {{Man}}},
  shorttitle = {Understanding {{Media}}},
  timestamp = {2016-03-31T14:52:36Z},
  publisher = {{McGraw-Hill}},
  author = {McLuhan, Marshall},
  year = {1964},
  keywords = {Mass media}
}

@incollection{balibar2008,
  title = {Die philosophischen {{Grundlagen}} des {{Wohlfahrtsstaats}}. {{Von}} der {{Kritik}} der {{Menschenrechte}} zur {{Kritik}} der sozialen {{Rechte}}},
  timestamp = {2016-06-29T21:03:14Z},
  booktitle = {Philosophieren unter anderen. {{Beitr{\"a}ge}} zum {{Palaver}} der {{Menschheit}}},
  author = {Balibar, {\'E}tienne},
  editor = {Lindner, Urs and Nowak, J{\"o}rg and Paust-Lassen, Pia},
  year = {2008},
  pages = {70--88}
}

@incollection{borzeszkowski1981,
  address = {Berlin},
  title = {Die {{Metaphysizierung}} der {{Physik}}},
  language = {de},
  timestamp = {2016-04-20T14:41:38Z},
  booktitle = {Denkweise und {{Weltanschauung}}.{{Studien}} zur weltanschaulichen und mehtodologischen {{Funktion}} der materialistischen {{Dialektik}}},
  publisher = {{Akademie Verlag}},
  author = {{v. Borzeszkowski}, Horst-Heino and Wahsner, Renate},
  editor = {Horstmann, Hubertus},
  year = {1981},
  keywords = {Kant; Immanuel,Leibniz,marxistisch-leninistische Philosophie,mechanische Naturerkenntnis,Metaphysik,Newton},
  pages = {149--176}
}

@article{schindler2013,
  title = {The {{Kuhnian}} mode of {{HPS}}},
  volume = {190},
  timestamp = {2016-08-17T21:40:03Z},
  number = {18},
  urldate = {2016-08-17},
  journal = {Synthese},
  author = {Schindler, Samuel},
  year = {2013},
  pages = {4137--4154},
  file = {schindler-2013-the_kuhnian_mode_of_hps.pdf:C\:\\Users\\Philipp Schweizer\\OneDrive\\zotero-files\\schindler-2013-the_kuhnian_mode_of_hps.pdf:application/pdf}
}

@article{stoddart2007,
  title = {Ideology, {{Hegemony}}, {{Discourse}}: {{A Critical Review}} of {{Theories}} of {{Knowledge}} and {{Power}}},
  shorttitle = {Ideology, hegemony, discourse},
  timestamp = {2016-04-19T21:36:36Z},
  urldate = {2016-04-19},
  journal = {Social Thought \& Research},
  author = {Stoddart, Mark CJ},
  year = {2007},
  pages = {191--225},
  file = {stoddart-2007-ideology,_hegemony,_discourse.pdf:C\:\\Users\\Philipp Schweizer\\OneDrive\\zotero-files\\stoddart-2007-ideology,_hegemony,_discourse.pdf:application/pdf}
}

@article{stich1981,
  title = {Inferential {{Competence}}: {{Right You Are}}, {{If You Think You Are}}},
  volume = {4},
  issn = {1469-1825},
  doi = {10.1017/S0140525X00009092},
  timestamp = {2016-08-17T20:44:14Z},
  number = {3},
  urldate = {2016-04-27},
  journal = {Behavioral and Brain Sciences},
  author = {Stich, Stephen P.},
  month = sep,
  year = {1981},
  pages = {353--354}
}

@incollection{marx1978,
  address = {Berlin},
  edition = {5},
  title = {Die deutsche {{Ideologie}}},
  timestamp = {2016-07-31T10:19:01Z},
  booktitle = {Marx-{{Engels-Werke Bd}}. 3},
  publisher = {{Dietz}},
  author = {Marx, Karl and Engels, Friedrich},
  editor = {{Institut f{\"u}r Marxismus-Leninismus beim ZK der SED}},
  year = {1978},
  pages = {9--530}
}

@incollection{gigerenzer2006,
  address = {Oxford, UK},
  title = {Bounded and {{Rational}}},
  timestamp = {2016-08-13T18:54:59Z},
  urldate = {2016-06-13},
  booktitle = {Contemporary {{Debates}} in {{Cognitive Science}}},
  publisher = {{Blackwell}},
  author = {Gigerenzer, Gerd},
  editor = {Stainton, R. J.},
  year = {2006},
  keywords = {Irrationalität,Psychologie,Rationalität,rationality wars,wissenschaftstheorie},
  pages = {115--133},
  file = {gigerenzer-2006-bounded_and_rational.pdf:C\:\\Users\\Philipp Schweizer\\OneDrive\\zotero-files\\gigerenzer-2006-bounded_and_rational.pdf:application/pdf}
}

@book{krige2006,
  address = {Cambridge, Mass},
  series = {Transformations},
  title = {American {{Hegemony}} and the {{Postwar Reconstruction}} of {{Science}} in {{Europe}}},
  isbn = {978-0-262-11297-0},
  lccn = {Q127.E8 K75 2006},
  timestamp = {2016-05-11T10:35:18Z},
  publisher = {{MIT Press}},
  author = {Krige, John},
  year = {2006},
  keywords = {20th century,1945-,Europe,Foreign relations,History,Science,Technology,United States,wissenschaftsgeschichte,wissenschaftstheorie},
  file = {krige-2006-american_hegemony_and_the_postwar_reconstruction_of_science_in_europe.pdf:C\:\\Users\\Philipp Schweizer\\OneDrive\\zotero-files\\krige-2006-american_hegemony_and_the_postwar_reconstruction_of_science_in_europe.pdf:application/pdf}
}

@book{gramsci1996,
  address = {Hamburg},
  edition = {1},
  title = {Gef{\"a}ngnishefte. {{Bd}}. 7: {{Hefte}} 12-15},
  volume = {7},
  shorttitle = {Gef{\"a}ngnishefte {{Bd}}. 7},
  abstract = {Heft 12, 1932
Heft 13, 1932-1934
Heft 14, 1932-1935
Heft 15, 11933},
  timestamp = {2016-04-01T14:55:29Z},
  publisher = {{Argument}},
  author = {Gramsci, Antonio},
  editor = {{Bochmann, Klaus} and Haug, Wolfgang Fritz and Jehle, Peter},
  collaborator = {Graf, Ruedi and Kuck},
  year = {1996}
}

@book{gikandi2002,
  address = {Cambridge},
  edition = {Reprinted},
  series = {Cambridge Studies in African and Caribbean Literature},
  title = {Ngugi wa {{Thiong}}'o},
  isbn = {978-0-521-11901-6 978-0-521-48006-2},
  language = {eng},
  timestamp = {2016-04-19T22:15:50Z},
  publisher = {{Cambridge University Press}},
  author = {Gikandi, Simon},
  year = {2002},
  keywords = {Imperialism in literature,Kenya In literature,Ngugi wa Thiong'o,Ngũgĩ wa Thiongʾo Criticism and interpretation,Ngũgı̃ wa Thiong'o Criticism and interpretation},
  annote = {Originally published: 2000 Literaturverz. S. 317 - 324},
  file = {gikandi-2002-ngugi_wa_thiong'o.pdf:C\:\\Users\\Philipp Schweizer\\OneDrive\\zotero-files\\gikandi-2002-ngugi_wa_thiong'o.pdf:application/pdf}
}

@article{salamini1974,
  title = {Gramsci and {{Marxist Sociology}} of {{Knowledge}}: an {{Analysis}} of {{Hegemony-Ideology-Knowledge}}},
  volume = {15},
  shorttitle = {Gramsci and {{Marxist Sociology}} of {{Knowledge}}},
  timestamp = {2016-04-19T21:08:58Z},
  number = {3},
  urldate = {2016-04-19},
  journal = {The Sociological Quarterly},
  author = {Salamini, Leonardo},
  year = {1974},
  pages = {359--380},
  file = {salamini-1974-gramsci_and_marxist_sociology_of_knowledge.pdf:C\:\\Users\\Philipp Schweizer\\OneDrive\\zotero-files\\salamini-1974-gramsci_and_marxist_sociology_of_knowledge.pdf:application/pdf}
}

@misc{zotero-null-29,
  title = {Besichtigung eines {{Baukastens}}~\textemdash{} {{Phase}} 2},
  timestamp = {2016-03-12T16:16:58Z},
  urldate = {2016-03-12},
  howpublished = {\url{http://phase-zwei.org/hefte/artikel/besichtigung-eines-baukastens-98/}},
  file = {Besichtigung eines Baukastens — Phase 2:C\:\\Users\\Philipp Schweizer\\OneDrive\\zotero\\storage\\R9RG2MS3\\besichtigung-eines-baukastens-98.html:text/html}
}

@incollection{feyerabend1970,
  address = {Minneapolis, Minn},
  series = {Minnesota Studies in the Philosophy of Science},
  title = {Against {{Method}}: {{Outline}} of an {{Anarchistic Theory}} of {{Knowledge}}},
  isbn = {978-0-8166-0591-0},
  language = {eng},
  timestamp = {2016-05-23T20:21:53Z},
  number = {4},
  booktitle = {Analyses of {{Theories}} and {{Methods}} of {{Physics}} and {{Psychology}}: {{Conference}} on the {{Problems}} of {{Correspondence Rules}}. {{Held}} at the {{Minnesota Center}} for {{Philosophy}} of {{Science}} in {{May}} 1966},
  publisher = {{University of Minnesota Press}},
  author = {Feyerabend, Paul K.},
  editor = {Radner, Michael and Winokur, Stephen},
  year = {1970},
  pages = {17--130}
}

@book{cohen1982,
  address = {Amsterdam; New York; Oxford},
  series = {Studies in logic and the foundations of mathematics},
  title = {Logic, {{Methodology}}, and {{Philosophy}} of {{Science VI}}: {{Proceedings}} of the {{Sixth International Congress}} of {{Logic}}, {{Methodology}}, and {{Philosophy}} of {{Science}}, {{Hannover}}, 1979},
  isbn = {978-0-444-85423-0},
  lccn = {QA9.A1 I57 1979},
  shorttitle = {Logic, methodology, and philosophy of science {{VI}}},
  timestamp = {2016-08-18T13:57:58Z},
  number = {104},
  publisher = {{North-Holland Publishing Company}},
  editor = {Cohen, L. Jonathan and \L{}o{\'s}, Jerzy and Pfeiffer, Helmut and Podewski, Klaus-Peter},
  year = {1982},
  keywords = {Congresses,Logic; Symbolic and mathematical,Methodology,Philosophy Congresses,Science},
  file = {cohen-et-al-1982-logic,_methodology,_and_philosophy_of_science_vi.pdf:C\:\\Users\\Philipp Schweizer\\OneDrive\\zotero-files\\cohen-et-al-1982-logic,_methodology,_and_philosophy_of_science_vi.pdf:application/pdf}
}

@book{elio2002,
  address = {New York},
  series = {New directions in cognitive science},
  title = {Common {{Sense}}, {{Reasoning}}, \& {{Rationality}}},
  isbn = {978-0-19-514766-7 978-0-19-514767-4},
  lccn = {BC177 C657 2002},
  timestamp = {2016-06-13T19:40:12Z},
  publisher = {{Oxford University Press}},
  editor = {Elio, Ren{\'e}e},
  year = {2002},
  keywords = {Reasoning}
}

@article{boyles2002,
  title = {The challenge to foundations and leadership: {{Critical}} discourse, hegemony, and the power of traditions},
  volume = {37},
  shorttitle = {The challenge to foundations and leadership},
  timestamp = {2016-04-19T21:44:40Z},
  number = {2},
  urldate = {2016-04-19},
  journal = {Journal of Thought},
  author = {Boyles, Deron R. and Davis, Douglas},
  year = {2002},
  pages = {21--32},
  file = {boyles&davis-2002-the_challenge_to_foundations_and_leadership.pdf:C\:\\Users\\Philipp Schweizer\\OneDrive\\zotero-files\\boyles&davis-2002-the_challenge_to_foundations_and_leadership.pdf:application/pdf}
}

@incollection{marx1962,
  address = {Berlin},
  edition = {1},
  title = {Das {{Kapital}}. {{Kritik}} der politischen {{{\"O}konomie}}. {{Erster Band}}},
  shorttitle = {Das {{Kapital}}},
  timestamp = {2016-07-30T09:13:00Z},
  booktitle = {Marx-{{Engels-Werke Bd}}. 23},
  publisher = {{Dietz}},
  author = {Marx, Karl},
  editor = {{Institut f{\"u}r Marxismus-Leninismus beim ZK der SED}},
  year = {1962},
  pages = {3--955}
}

@incollection{badino2015,
  title = {In the {{Theoretician}}'s {{Workshop}}: {{Notes}} for a {{Historical}} and {{Philosophical Analysis}} of {{Theories}}},
  shorttitle = {In the {{Theoretician}}'s {{Workshop}}},
  timestamp = {2016-08-17T21:43:40Z},
  urldate = {2016-08-17},
  booktitle = {The {{Bumpy Road}}},
  publisher = {{Springer}},
  author = {Badino, Massimiliano},
  year = {2015},
  pages = {1--28},
  file = {Snapshot:C\:\\Users\\Philipp Schweizer\\OneDrive\\zotero\\storage\\ABNPDM34\\978-3-319-20031-6_1.html:text/html}
}

@book{weissegger1781,
  title = {Beytr{\"a}ge zur {{Schilderung Wiens}}. {{Zweytes B{\"a}ndchen}}},
  volume = {2},
  shorttitle = {Beytr{\"a}ge zur {{Schilderung Wiens}}},
  timestamp = {2016-06-04T20:29:47Z},
  urldate = {2016-04-27},
  author = {Weissegger, Joseph Maria and Riggler, M.},
  year = {1781},
  annote = {Weisseneck hat dieses Buch unter seinem Pseudonym J. Neuberger ver{\"o}ffentlicht.},
  file = {[HTML] from google.de:C\:\\Users\\Philipp Schweizer\\OneDrive\\zotero\\storage\\92KDD88K\\books.html:text/html}
}

@article{schickore2011,
  title = {More thoughts on {{HPS}}: {{Another}} 20 years later},
  volume = {19},
  shorttitle = {More thoughts on {{HPS}}},
  timestamp = {2016-08-17T21:38:27Z},
  number = {4},
  urldate = {2016-08-17},
  journal = {Perspectives on Science},
  author = {Schickore, Jutta},
  year = {2011},
  pages = {453--481},
  file = {schickore-2011-more_thoughts_on_hps.pdf:C\:\\Users\\Philipp Schweizer\\OneDrive\\zotero-files\\schickore-2011-more_thoughts_on_hps.pdf:application/pdf;Snapshot:C\:\\Users\\Philipp Schweizer\\OneDrive\\zotero\\storage\\W6C2EBSU\\POSC_a_00049.html:text/html}
}

@incollection{lefort1990,
  address = {Frankfurt am Main},
  edition = {1},
  series = {edition suhrkamp},
  title = {Menschenrechte und {{Politik}}},
  isbn = {3-518-11573-1},
  language = {de},
  timestamp = {2016-07-02T15:32:47Z},
  booktitle = {Autonome {{Gesellschaft}} und libert{\"a}re {{Demokratie}}},
  publisher = {{Suhrkamp}},
  author = {Lefort, Claude},
  editor = {R{\"o}del, Ulrich},
  year = {1990},
  pages = {239--280}
}

@article{hanson1962,
  title = {The {{Irrelevance}} of {{History}} of {{Science}} to {{Philosophy}} of {{Science}} to {{Philosophy}} of {{Science}}},
  volume = {59},
  issn = {0022-362X},
  timestamp = {2016-05-04T15:16:07Z},
  number = {21},
  urldate = {2016-05-04},
  journal = {The Journal of Philosophy},
  author = {Hanson, Norwood Russell},
  year = {1962},
  keywords = {genetic fallacy,genetischer Fehlschluss,history of science,philosophy of science,wissenschaftsgeschichte,wissenschaftstheorie},
  pages = {574--586},
  annote = {
[...] history of science without philosophy of science is blind. (575)
[...] philosophy of science without history of science is empty. (580)
},
  file = {hanson-1962-the_irrelevance_of_history_of_science_to_philosophy_of_science_to_philosophy_of.pdf:C\:\\Users\\Philipp Schweizer\\OneDrive\\zotero-files\\hanson-1962-the_irrelevance_of_history_of_science_to_philosophy_of_science_to_philosophy_of.pdf:application/pdf}
}

@article{lazarus1998,
  title = {At {{Home}} in the {{World}}: {{Cosmopolitanism Now}}},
  volume = {39},
  issn = {0306-3968, 1741-3125},
  shorttitle = {Book reviews},
  doi = {10.1177/030639689803900409},
  language = {en},
  timestamp = {2016-08-10T12:49:20Z},
  number = {4},
  urldate = {2016-06-22},
  journal = {Race \& Class},
  author = {Lazarus, Neil},
  collaborator = {Brennan, Timothy},
  month = jan,
  year = {1998},
  pages = {85--88},
  file = {lazarus-1998-at_home_in_the_world.pdf:C\:\\Users\\Philipp Schweizer\\OneDrive\\zotero-files\\lazarus-1998-at_home_in_the_world.pdf:application/pdf}
}

@article{gosepath2007,
  title = {Hannah {{Arendts Kritik}} der {{Menschenrechte}} und ihr "{{Recht}}, {{Rechte}} zu haben"},
  timestamp = {2016-08-19T14:53:54Z},
  journal = {Hannah Arendt: Verborgene Tradition - Unzeitgem{\"a}\ss{}e Aktualit{\"a}t},
  author = {Gosepath, Stefan},
  year = {2007},
  pages = {279--288}
}

@article{gooday2008,
  title = {Does {{Science Education Need}} the {{History}} of {{Science}}?},
  volume = {99},
  issn = {0021-1753},
  doi = {10.1086/588690},
  abstract = {ABSTRACT This essay argues that science education can gain from close engagement with the history of science both in the training of prospective vocational scientists and in educating the broader public about the nature of science. First it shows how historicizing science in the classroom can improve the pedagogical experience of science students and might even help them turn into more effective professional practitioners of science. Then it examines how historians of science can support the scientific education of the general public at a time when debates over ``intelligent design'' are raising major questions over the kind of science that ought to be available to children in their school curricula. It concludes by considering further work that might be undertaken to show how history of science could be of more general educational interest and utility, well beyond the closed academic domains in which historians of science typically operate.},
  timestamp = {2016-05-23T07:41:48Z},
  number = {2},
  urldate = {2016-05-23},
  journal = {Isis},
  author = {Gooday, Graeme and Lynch, John M. and Wilson, Kenneth G. and Barsky, Constance K.},
  year = {2008},
  pages = {322--330},
  file = {gooday-et-al-2008-does_science_education_need_the_history_of_science.pdf:C\:\\Users\\Philipp Schweizer\\OneDrive\\zotero-files\\gooday-et-al-2008-does_science_education_need_the_history_of_science.pdf:application/pdf}
}

@article{welton1982,
  title = {Gramsci's contribution to the analysis of public education knowledge},
  timestamp = {2016-04-19T21:50:01Z},
  urldate = {2016-04-19},
  journal = {The Journal of Educational Thought (JET)/Revue de la Pens{\'e}e Educative},
  author = {Welton, Michael},
  year = {1982},
  pages = {140--149},
  file = {welton-1982-gramsci's_contribution_to_the_analysis_of_public_education_knowledge.pdf:C\:\\Users\\Philipp Schweizer\\OneDrive\\zotero-files\\welton-1982-gramsci's_contribution_to_the_analysis_of_public_education_knowledge.pdf:application/pdf}
}

@book{goodman1983,
  address = {Cambridge, MA; London},
  edition = {4},
  title = {Fact, {{Fiction}}, and {{Forecast}}},
  timestamp = {2016-08-15T13:20:05Z},
  urldate = {2016-08-15},
  publisher = {{Harvard University Press}},
  author = {Goodman, Nelson},
  year = {1983},
  file = {goodman-1983-fact,_fiction,_and_forecast.pdf:C\:\\Users\\Philipp Schweizer\\OneDrive\\zotero-files\\goodman-1983-fact,_fiction,_and_forecast.pdf:application/pdf}
}

@book{guyer1992,
  address = {Cambridge},
  series = {Cambridge Companions},
  title = {The {{Cambridge Companion}} to {{Kant}}},
  volume = {3},
  isbn = {0-521-36768-9},
  lccn = {02/CF 5017 G988 C1},
  language = {en},
  timestamp = {2016-04-20T15:01:15Z},
  publisher = {{Cambridge University Press}},
  editor = {Guyer, Paul},
  year = {1992},
  keywords = {Immanuel,Kant},
  file = {guyer-1992-the_cambridge_companion_to_kant.pdf:C\:\\Users\\Philipp Schweizer\\OneDrive\\zotero-files\\guyer-1992-the_cambridge_companion_to_kant.pdf:application/pdf}
}

@book{heck1974,
  series = {Media series},
  title = {The {{Ideological Dimension}} of {{Media Messages}}},
  timestamp = {2016-03-31T19:23:54Z},
  publisher = {{Centre for Contemporary Cultural Studies, University of Birmingham}},
  author = {Heck, M.C.},
  year = {1974}
}

@article{zahar1973a,
  title = {Why {{Did Einstein}}'s {{Programme Supersede Lorentz}}'s? ({{II}})},
  volume = {24},
  issn = {0007-0882},
  shorttitle = {Why {{Did Einstein}}'s {{Programme Supersede Lorentz}}'s?},
  timestamp = {2016-05-22T18:57:21Z},
  number = {3},
  urldate = {2016-05-22},
  journal = {The British Journal for the Philosophy of Science},
  author = {Zahar, Elie},
  year = {1973},
  pages = {223--262},
  file = {zahar-1973-why_did_einstein's_programme_supersede_lorentz's.pdf:C\:\\Users\\Philipp Schweizer\\OneDrive\\zotero-files\\zahar-1973-why_did_einstein's_programme_supersede_lorentz's_2.pdf:application/pdf}
}

@article{fine2006,
  title = {Debating {{Cosmopolitics}}},
  volume = {30},
  issn = {0309-8168, 2041-0980},
  doi = {10.1177/030981680608800107},
  abstract = {SAGE Publications},
  language = {en},
  timestamp = {2016-08-10T12:55:02Z},
  number = {1},
  urldate = {2016-08-03},
  journal = {Capital \& Class},
  author = {Fine, Robert},
  collaborator = {Archibugi, Daniele},
  month = jan,
  year = {2006},
  pages = {127--134},
  file = {fine-2006-debating_cosmopolitics.pdf:C\:\\Users\\Philipp Schweizer\\OneDrive\\zotero-files\\fine-2006-debating_cosmopolitics.pdf:application/pdf}
}

@incollection{camargoheck2006,
  address = {London},
  title = {The {{Ideological Dimension}} of {{Media Messages}}},
  isbn = {978-0-415-07906-8},
  language = {eng},
  timestamp = {2016-03-31T19:24:20Z},
  booktitle = {Culture, {{Media}}, {{Language}}: {{Working Papers}} in {{Cultural Studies}}, 1972 - 79},
  publisher = {{Routledge}},
  author = {{Camargo Heck}, Marina},
  editor = {Hall, Stuart and Hobson, Dorothy and Lowe, Andrew and Willis, Paul},
  year = {2006},
  keywords = {Culture,Mass media and culture},
  pages = {110--116},
  file = {Table of Contents PDF:C\:\\Users\\Philipp Schweizer\\OneDrive\\zotero\\storage\\ANX43ZMC\\Hall - 2006 - Culture, media, language working papers in cultur.pdf:application/pdf}
}

@article{pitelis1991,
  title = {Beyond the {{Nation-State}}?: {{The Transnational Firm}} and the {{Nation-State}}},
  volume = {15},
  issn = {0309-8168, 2041-0980},
  shorttitle = {Beyond the {{Nation-State}}?},
  doi = {10.1177/030981689104300107},
  abstract = {SAGE Publications},
  language = {en},
  timestamp = {2016-08-03T17:44:28Z},
  number = {1},
  urldate = {2016-08-03},
  journal = {Capital \& Class},
  author = {Pitelis, Christos},
  month = jan,
  year = {1991},
  pages = {131--152},
  file = {pitelis-1991-beyond_the_nation-state.pdf:C\:\\Users\\Philipp Schweizer\\OneDrive\\zotero-files\\pitelis-1991-beyond_the_nation-state.pdf:application/pdf;Snapshot:C\:\\Users\\Philipp Schweizer\\OneDrive\\zotero\\storage\\6WQXC2SQ\\131.full.html:text/html}
}

@incollection{friedman1993,
  address = {Cambridge, Mass},
  title = {Remarks on the {{History}} of {{Science}} and the {{History}} of {{Philosophy}}},
  isbn = {978-0-262-08216-7},
  lccn = {Q175.3 .W67 1993},
  timestamp = {2016-06-15T09:58:34Z},
  booktitle = {World {{Changes}}: {{Thomas Kuhn}} and the {{Nature}} of {{Science}}},
  publisher = {{MIT Press}},
  author = {Friedman, Michael},
  editor = {Horwich, Paul},
  year = {1993},
  keywords = {History,Kuhn; Thomas S,Philosophy,Science},
  pages = {37--54},
  file = {friedman-1993-remarks_on_the_history_of_science_and_the_history_of_philosophy.pdf:C\:\\Users\\Philipp Schweizer\\OneDrive\\zotero-files\\friedman-1993-remarks_on_the_history_of_science_and_the_history_of_philosophy.pdf:application/pdf}
}

@article{osgood1886,
  title = {Scientific {{Socialism}}},
  volume = {1},
  issn = {00323195},
  doi = {10.2307/2139068},
  timestamp = {2014-06-09T16:38:52Z},
  number = {4},
  journal = {Political Science Quarterly},
  author = {Osgood, Herbert L.},
  month = dec,
  year = {1886},
  pages = {560--594}
}

@article{wilde2007,
  title = {Europe and the `re-regulation of world society': {{A}} critique of {{Habermas}}},
  volume = {31},
  issn = {0309-8168, 2041-0980},
  shorttitle = {Europe and the `re-regulation of world society'},
  doi = {10.1177/030981680709300104},
  abstract = {J{\"u}rgen Habermas is one of a number of left-leaning social theorists who have talked enthusiastically about the prospects of the European Union becoming a socialmodel `alternative' to global neoliberalism. This article supports his goal, but rejects his idea that a form of civic solidarity allegedly developed at national level should be expanded to the European sphere. A new European polity may play a progressive role, but only when social movements push it to implement social regulation against the resistance of international capital and its administrative elites.},
  language = {en},
  timestamp = {2016-08-03T17:41:04Z},
  number = {3},
  urldate = {2016-08-03},
  journal = {Capital \& Class},
  author = {Wilde, Lawrence},
  month = jan,
  year = {2007},
  pages = {47--66},
  file = {wilde-2007-europe_and_the_‘re-regulation_of_world_society’.pdf:C\:\\Users\\Philipp Schweizer\\OneDrive\\zotero-files\\wilde-2007-europe_and_the_‘re-regulation_of_world_society’.pdf:application/pdf;Snapshot:C\:\\Users\\Philipp Schweizer\\OneDrive\\zotero\\storage\\6XMHPVDP\\47.html:text/html}
}

@incollection{gigerenzer2002,
  title = {The {{Adaptive Toolbox}}},
  timestamp = {2016-06-06T19:39:56Z},
  urldate = {2016-06-06},
  booktitle = {Bounded {{Rationality}}: {{The Adaptive Toolbox}}},
  publisher = {{MIT Press}},
  author = {Gigerenzer, Gerd},
  editor = {Gigerenzer, Gerd and Selten, Reinhard},
  year = {2002},
  file = {gigerenzer-2002-the_adaptive_toolbox.pdf:C\:\\Users\\Philipp Schweizer\\OneDrive\\zotero-files\\gigerenzer-2002-the_adaptive_toolbox.pdf:application/pdf}
}

@article{leggewie1987,
  title = {Kulturelle {{Hegemonie}} \textemdash{} {{Gramsci}} und die {{Folgen}}},
  volume = {15},
  issn = {03400425, 18618588},
  timestamp = {2016-04-20T09:09:30Z},
  number = {2},
  journal = {Leviathan},
  author = {Leggewie, Claus},
  year = {1987},
  pages = {285--304},
  file = {leggewie-1987-kulturelle_hegemonie_—_gramsci_und_die_folgen.pdf:C\:\\Users\\Philipp Schweizer\\OneDrive\\zotero-files\\leggewie-1987-kulturelle_hegemonie_—_gramsci_und_die_folgen.pdf:application/pdf}
}

@article{metscher2015,
  title = {Der {{Marxismus}} als {{Theorie}} des {{Gesamtzusammenhangs}}. {{Versuch}} einer kategorialen {{Konkretion}}},
  volume = {7},
  language = {de},
  timestamp = {2016-04-14T17:01:07Z},
  journal = {Aufhebung. Zeitschrift f{\"u}r dialektische Philosophie},
  author = {Metscher, Thomas},
  year = {2015},
  pages = {13--57}
}

@article{morera1989,
  title = {Gramsci's {{Realism}}},
  volume = {53},
  timestamp = {2016-04-19T21:49:37Z},
  number = {4},
  urldate = {2016-04-19},
  journal = {Science \& Society},
  author = {Morera, Esteve},
  year = {1989},
  pages = {459--469},
  file = {morera-1989-gramsci's_realism.pdf:C\:\\Users\\Philipp Schweizer\\OneDrive\\zotero-files\\morera-1989-gramsci's_realism.pdf:application/pdf}
}

@book{neubert2001,
  address = {Hamburg},
  title = {Antonio {{Gramsci}}: {{Hegemonie}} - {{Zivilgesellschaft}} - {{Partei}}: eine {{Einf{\"u}hrung}}},
  isbn = {978-3-87975-820-3},
  shorttitle = {Antonio {{Gramsci}}},
  language = {ger},
  timestamp = {2016-03-06T10:37:27Z},
  publisher = {{VSA-Verl}},
  author = {Neubert, Harald},
  collaborator = {Gramsci, Antonio},
  year = {2001},
  keywords = {Gramsci; Antonio,Marxismus}
}

@article{ullrich1974,
  title = {Karl {{Marx}}' ,,{{Zur Judenfrage}}``},
  volume = {22},
  issn = {0012-1045},
  language = {de},
  timestamp = {2016-07-02T15:32:47Z},
  number = {8},
  journal = {Deutsche Zeitschrift f{\"u}r Philosophie},
  author = {Ullrich, Horst},
  year = {1974},
  keywords = {Bauer; Bruno,Deutsch-Französische Jahrbücher,Junghegelianer,Marx},
  pages = {984--998},
  file = {ullrich-1974-karl_marx'_„zur_judenfrage“.pdf:C\:\\Users\\Philipp Schweizer\\OneDrive\\zotero-files\\ullrich-1974-karl_marx'_„zur_judenfrage“.pdf:application/pdf}
}

@book{stein1996,
  address = {Oxford, UK},
  title = {Without {{Good Reason}}: {{The Rationality Debate}} in {{Philosophy}} and {{Cognitive Science}}},
  shorttitle = {Without good reason},
  timestamp = {2016-08-14T16:23:24Z},
  urldate = {2016-08-14},
  publisher = {{Clarendon Press}},
  author = {Stein, Edward},
  year = {1996},
  file = {stein-1996-without_good_reason.pdf:C\:\\Users\\Philipp Schweizer\\OneDrive\\zotero-files\\stein-1996-without_good_reason.pdf:application/pdf}
}

@book{habermas2004,
  address = {Frankfurt am Main},
  edition = {3},
  series = {Kleine Politische Schriften},
  title = {Der gespaltene {{Westen}}},
  isbn = {978-3-518-12383-6},
  shorttitle = {Westen},
  abstract = {Der einig geglaubte Westen ist gespalten. Jedoch nicht die Gefahr des internationalen Terrorismus hat diese Entwicklung verursacht, sondern eine Politik der US-Regierung, die das V{\"o}lkerrecht ignoriert, die Vereinten Nationen an den Rand dr{\"a}ngt und den Bruch mit Europa in Kauf nimmt. Die Spaltung zieht sich auch durch Europa und Amerika selbst hindurch. In Deutschland wirkt die Abkehr der amerikanischen Administration und der Eliten von ihren eigenen Traditionen wie ein Lackmustest. Heute zerf{\"a}llt die chemische Verbindung, aus der die Westorientierung der Bundesrepublik seit Adenauer bestanden hat, in ihre beiden Elemente: opportunistische Anpassung an die hegemoniale Macht trennt sich von intellektueller und moralischer Bindung an die Prinzipien einer westlichen Kultur.Auch im Jahr seines 75. Geburtstages erweist sich der politische Denker Habermas wieder als brillanter Analytiker und Stichwortgeber der Republik und des europ{\"a}ischen Geistes. Der gespaltene Westen versammelt Beitr{\"a}ge, die infolge der Ereignisse vom 11. September 2001 entstanden, darunter der neue, weitausgreifende Essay {\"u}ber die Zukunft des Kantischen Projekts einer weltb{\"u}rgerlichen Ordnung.},
  language = {Deutsch},
  timestamp = {2016-06-21T12:37:54Z},
  number = {10},
  publisher = {{Suhrkamp Verlag}},
  author = {Habermas, J{\"u}rgen},
  year = {2004},
  keywords = {cosmopolitanism,political theory,Politikwissenschaften,Völkerrecht}
}

@article{cohen1981b,
  title = {Are there any a priori constraints on the study of rationality?},
  volume = {4},
  timestamp = {2016-08-13T19:01:05Z},
  number = {3},
  urldate = {2016-08-12},
  journal = {Behavioral and Brain Sciences},
  author = {Cohen, L. Jonathan},
  year = {1981},
  pages = {359--370}
}

@book{kuhn1977a,
  address = {Chicago; London},
  edition = {1},
  title = {The {{Essential Tension}}: {{Selected Studies}} in {{Scientific Teadition}} and {{Change}}},
  shorttitle = {The {{Essential Tension}}},
  timestamp = {2016-05-23T17:24:27Z},
  publisher = {{University of Chicago Press}},
  author = {Kuhn, Thomas S.},
  year = {1977}
}

@article{adeleke2000,
  title = {Guerilla {{Intellectualism}}: {{Walter A}}. {{Rodney}} and the {{Weapon}} of {{Knowledge}} in the {{Struggle}} for {{Black Liberation}}},
  volume = {35},
  shorttitle = {Guerilla {{Intellectualism}}},
  timestamp = {2016-04-19T21:42:27Z},
  number = {1},
  urldate = {2016-04-19},
  journal = {Journal of Thought},
  author = {Adeleke, Tunde},
  year = {2000},
  pages = {37--59},
  file = {adeleke-2000-guerilla_intellectualism.pdf:C\:\\Users\\Philipp Schweizer\\OneDrive\\zotero-files\\adeleke-2000-guerilla_intellectualism.pdf:application/pdf}
}

@article{kourany1982a,
  title = {Towards an empirically adequate theory of science},
  timestamp = {2016-08-17T21:35:17Z},
  urldate = {2016-08-17},
  journal = {Philosophy of Science},
  author = {Kourany, Janet A.},
  year = {1982},
  pages = {526--548},
  file = {Snapshot:C\:\\Users\\Philipp Schweizer\\OneDrive\\zotero\\storage\\UV5RRZ2M\\187164.html:text/html}
}

@article{best1999,
  title = {Debord, {{Cybersituations}}, and the {{Interactive Spectacle}}},
  volume = {28},
  issn = {0049-2426},
  doi = {10.2307/3685437},
  timestamp = {2016-03-05T15:01:19Z},
  number = {3},
  urldate = {2016-03-05},
  journal = {SubStance},
  author = {Best, Steven and Kellner, Douglas},
  year = {1999},
  pages = {129--156}
}

@incollection{marx1960,
  address = {Berlin},
  edition = {1},
  title = {Der achtzehnte {{Brumaire}} des {{Louis Bonaparte}}},
  shorttitle = {18. {{Brumaire}}},
  timestamp = {2016-08-22T06:41:49Z},
  booktitle = {Marx-{{Engels-Werke Bd}}. 8},
  publisher = {{Dietz}},
  author = {Marx, Karl},
  editor = {{Institut f{\"u}r Marxismus-Leninismus beim ZK der SED}},
  year = {1960},
  pages = {111--207}
}

@book{meiksinswood1998,
  address = {London; New York},
  edition = {Rev. ed.},
  title = {The {{Retreat}} from {{Class}}},
  isbn = {1-85984-270-4},
  timestamp = {2016-07-02T15:32:47Z},
  publisher = {{Verso}},
  author = {{Meiksins Wood}, Ellen},
  year = {1998},
  keywords = {Arbeiterklasse,Ideologie,Kapitalismus,Klasse,Klassenkampf,Klassentheorie,Liberalism,Marxismus,Politik,Poulantzas,Sozialismus},
  file = {meiksins_wood-1998-the_retreat_from_class.pdf:C\:\\Users\\Philipp Schweizer\\OneDrive\\zotero-files\\meiksins_wood-1998-the_retreat_from_class.pdf:application/pdf}
}

@book{wathiongo2009,
  address = {New York},
  title = {Something {{Torn}} and {{New}}: {{An African Renaissance}}},
  isbn = {978-0-465-00946-6},
  lccn = {DT14 .N48 2009},
  shorttitle = {Something torn and new},
  abstract = {Novelist Ng{\~u}g{\~\i} wa Thiong'o has been a force in African literature for decades: Since the 1970s, when he gave up the English language to commit himself to writing in African languages, his foremost concern has been the critical importance of language to culture. Here, Ngugi explores Africa's historical, economic, and cultural fragmentation by slavery, colonialism, and globalization. Throughout this tragic history, a constant and irrepressible force was Europhonism: the replacement of native names, languages, and identities with European ones. The result was the dismemberment of African memory. Seeking to remember language in order to revitalize it, Ngugi's quest is for wholeness. Wide-ranging, erudite, and hopeful, this book is a cri de coeur to save Africa's cultural future.--From publisher description},
  timestamp = {2016-04-19T22:19:02Z},
  publisher = {{BasicCivitas Books}},
  author = {{wa Thiongʾo}, Ng{\~u}g{\~\i}},
  year = {2009},
  keywords = {Africa,Civilization,Decolonization},
  annote = {Dismembering practices : planting European memory in America -- Re-membering visions -- Memory, restoration, and African renaissance -- From color to social consciousness : South Africa in the black imagination},
  file = {wa_thiongʾo-2009-something_torn_and_new.pdf:C\:\\Users\\Philipp Schweizer\\OneDrive\\zotero-files\\wa_thiongʾo-2009-something_torn_and_new.pdf:application/pdf}
}

@incollection{mcmullin1976,
  address = {Dordrecht},
  series = {Boston Studies in the Philosophy of Science},
  title = {History and {{Philosophy}} of {{Science}}: {{A Marriage}} of {{Convenience}}?},
  isbn = {978-94-010-1449-6},
  language = {English},
  timestamp = {2016-08-18T14:08:28Z},
  number = {32},
  urldate = {2016-05-11},
  booktitle = {{{PSA}} 1974. {{Proceedings}} of the 1974 {{Biennial Meeting Philosophy}} of {{Science Association}}},
  publisher = {{Springer Netherlands}},
  author = {McMullin, Ernan},
  editor = {Cohen, Robert S. and Hooker, Cliff A. and Michalos, Alex C. and {Van Evra}, J. W.},
  year = {1976},
  pages = {585--601},
  file = {mcmullin-1976-history_and_philosophy_of_science.pdf:C\:\\Users\\Philipp Schweizer\\OneDrive\\zotero-files\\mcmullin-1976-history_and_philosophy_of_science.pdf:application/pdf}
}

@article{roper2011,
  title = {Reformism on a global scale? {{A}} critical examination of {{David Held}}'s advocacy of cosmopolitan social democracy},
  volume = {35},
  issn = {0309-8168, 2041-0980},
  shorttitle = {Reformism on a global scale?},
  doi = {10.1177/0309816811406525},
  abstract = {Held argues that globalisation is undermining democracy at the level of the nation state. Responding to this and to the escalation of military conflict, the mounting scale of environmental problems and increasing global inequality, he argues for the establishment of cosmopolitan democracy to enable the global implementation of social-democratic policies. This article provides an exposition and critical evaluation of cosmopolitan social democracy (CSD), identifying its main strengths and weaknesses, and argues that Held advocates CSD to remedy the world's major problems by reforming the global capitalist order, but that this is unlikely to work because these problems will persist until capitalism is replaced by socialism.},
  language = {en},
  timestamp = {2016-08-03T17:41:04Z},
  number = {2},
  urldate = {2016-08-03},
  journal = {Capital \& Class},
  author = {Roper, Brian},
  month = jan,
  year = {2011},
  keywords = {alternatives,Cosmopolitanism,cosmopolitan social democracy,globalisation,liberal democracy,liberalism,liberal socialism,Marxism,socialist democracy},
  pages = {253--273},
  file = {roper-2011-reformism_on_a_global_scale.pdf:C\:\\Users\\Philipp Schweizer\\OneDrive\\zotero-files\\roper-2011-reformism_on_a_global_scale.pdf:application/pdf;Snapshot:C\:\\Users\\Philipp Schweizer\\OneDrive\\zotero\\storage\\VKS5KHIE\\253.html:text/html}
}

@book{debord1967,
  address = {Paris},
  edition = {1},
  title = {La {{Soci{\'e}t{\'e}}} du spectacle},
  shorttitle = {Soci{\'e}t{\'e} du spectacle},
  timestamp = {2016-04-07T17:23:13Z},
  publisher = {{Buchet/Chastel}},
  author = {Debord, Guy},
  year = {1967}
}

@article{gordon1990,
  title = {Coping with {{Communicentric Bias}} in {{Knowledge Production}} in the {{Social Sciences}}},
  volume = {19},
  issn = {0013189X},
  doi = {10.2307/1176066},
  timestamp = {2016-04-19T21:37:21Z},
  number = {3},
  urldate = {2016-04-19},
  journal = {Educational Researcher},
  author = {Gordon, Edmund W. and Miller, Fayneese and Rollock, David},
  month = apr,
  year = {1990},
  pages = {14},
  file = {gordon-et-al-1990-coping_with_communicentric_bias_in_knowledge_production_in_the_social_sciences.pdf:C\:\\Users\\Philipp Schweizer\\OneDrive\\zotero-files\\gordon-et-al-1990-coping_with_communicentric_bias_in_knowledge_production_in_the_social_sciences.pdf:application/pdf}
}

@misc{zotero-null-129,
  title = {Glossary {{Definition}}: {{Postmodernism}}},
  timestamp = {2016-05-10T16:41:20Z},
  urldate = {2016-05-10},
  howpublished = {\url{http://www.pbs.org/faithandreason/gengloss/postm-body.html}},
  file = {Glossary Definition\: Postmodernism:C\:\\Users\\Philipp Schweizer\\OneDrive\\zotero\\storage\\DD3IHGXM\\postm-body.html:text/html}
}

@incollection{mouffe1979a,
  address = {London; Boston},
  title = {Hegemony and {{Ideology}} in {{Gramsci}}},
  timestamp = {2016-03-06T12:54:04Z},
  booktitle = {Gramsci and {{Marxist}} theory},
  publisher = {{Routledge \& Kegan Paul}},
  author = {Mouffe, Chantal},
  editor = {Mouffe, Chantal},
  year = {1979},
  pages = {168--204}
}

@incollection{lenin1955a,
  address = {Berlin},
  edition = {1},
  title = {Ank{\"u}ndigung der {{Redaktion}} der '{{Iskra}}'},
  volume = {4},
  timestamp = {2016-04-11T22:44:09Z},
  booktitle = {Werke {{Bd}}. 4},
  publisher = {{Dietz}},
  author = {Lenin, Wladimir Iljitsch},
  year = {1955 (1900)},
  pages = {348--354}
}

@article{schafer1998,
  title = {Friedrich {{Engels}}: {{Builder}} of {{Closed Systems}}?},
  volume = {62},
  copyright = {Copyright \textcopyright{} 1998 S\&S Quarterly, Inc.},
  issn = {00368237},
  doi = {10.2307/40403685},
  timestamp = {2014-06-09T17:20:35Z},
  number = {1},
  journal = {Science \& Society},
  author = {Sch{\"a}fer, Gert},
  month = apr,
  year = {1998},
  pages = {35--47},
  file = {schäfer-1998-friedrich_engels.pdf:C\:\\Users\\Philipp Schweizer\\OneDrive\\zotero-files\\schäfer-1998-friedrich_engels.pdf:application/pdf}
}

@article{brennan2001,
  series = {II},
  title = {Cosmopolitanism and {{Internationalism}}},
  volume = {7},
  issn = {0028-6060},
  timestamp = {2016-06-22T08:15:30Z},
  number = {Jan/Feb},
  journal = {New Left Review},
  author = {Brennan, Timothy},
  year = {2001},
  pages = {75--84},
  file = {Timothy Brennan\: Cosmopolitanism and Internationalism. New Left Review 7, January-February 2001.:C\:\\Users\\Philipp Schweizer\\OneDrive\\zotero\\storage\\WJ7SS3UQ\\timothy-brennan-cosmopolitanism-and-internationalism.html:text/html}
}

@misc{zotero-null-420,
  title = {{{BzG}} 1.621: {{Human}} rights. {{Comments}} and interpretations. {{Dc}} 210},
  timestamp = {2016-06-30T19:36:00Z},
  urldate = {2016-06-30},
  howpublished = {\url{https://hds.hebis.de/ubffm/Record/HEB178221945}},
  file = {UB FFM\: Neues Suchportal Frankfurt\: Titel\: Human rights \: comments...:C\:\\Users\\Philipp Schweizer\\OneDrive\\zotero\\storage\\6FZNQP7S\\HEB178221945.html:text/html}
}

@incollection{hoppe1998,
  address = {Berlin},
  series = {Klassiker Auslegen},
  title = {Die transzendentale {{Deduktion}} in der ersten {{Auflage}}},
  volume = {17/18},
  isbn = {978-3-05-005038-6},
  language = {de},
  timestamp = {2016-04-20T15:11:36Z},
  booktitle = {Immanuel {{Kant}}, {{Kritik}} der reinen {{Vernunft}}},
  publisher = {{Akademie Verlag}},
  author = {Hoppe, Hansgeorg},
  editor = {Mohr, Georg and Willaschek, Marcus},
  year = {1998},
  keywords = {Kant; Immanuel,Kritik der reinen Vernunft,transzendentale Deduktion},
  pages = {159--188},
  file = {hoppe-1998-die_transzendentale_deduktion_in_der_ersten_auflage.pdf:C\:\\Users\\Philipp Schweizer\\OneDrive\\zotero-files\\hoppe-1998-die_transzendentale_deduktion_in_der_ersten_auflage.pdf:application/pdf}
}

@book{held2010a,
  address = {Cambridge ; Malden, MA},
  title = {Cosmopolitanism: {{Ideals}} and {{Realities}}},
  isbn = {978-0-7456-4835-4 978-0-7456-4836-1},
  lccn = {JZ1308 .H47 2010},
  shorttitle = {Cosmopolitanism},
  timestamp = {2016-08-19T14:50:57Z},
  publisher = {{Polity Press}},
  author = {Held, David},
  year = {2010},
  note = {OCLC: ocn635493857},
  keywords = {Cosmopolitanism,Globalization,International cooperation,International organization,Wereldburgerschap},
  annote = {Introduction : changing forms of global order. Towards a multipolar world ; The paradox of our times ; Economic liberalism and international market integration ; Security ; The impact of the global financial crisis ; Shared problems and collective threats ; A cosmopolitan approach ; Democratic public law and sovereignty ; Summary of the book ahead -- Cosmopolitanism : ideas, realities and deficits. Globalization ; The global governance complex ; Globalization and democracy : five disjunctures ; Cosmopolitanism : ideas and trajectories ; Cosmopolitan realities ; Addressing the institutional deficit : reframing the market -- Principles of cosmopolitan order. Cosmopolitan principles ; Thick or thin cosmopolitanism? ; Cosmopolitan justifications ; From cosmopolitan principles to cosmopolitan law -- Cosmopolitan law and institutional requirements. The idea of cosmopolitan law ; Institutional requirements ; In sum ; Political openings -- Violence, law and justice in a global age. Reframing human activity : international law, rights and responsibilities ; 9/11, war and justice ; Islam, the Kantian heritage and double standards ; Concluding reflections -- Reframing global governance : apocalypse soon or reform!. The paradox of our times ; Why be concerned with global challenges? ; Deep drivers and governance challenges ; Global governance : contemporary surface trends ; Problems and dilemmas of global problem-solving ; Strengthening global governance ; Global governance and the democratic question ; Multilevel citizenship, multilayered democracy -- Parallel worlds : the governance of global risks in finance, security and the environment. Global governance and the paradox of our times ; The global governance of finance ; The global governance of security ; The global governance of the environment ; Conclusion : crisis, politicization and reform -- Democracy, climate change and global governance. Democracy I : the democratic nation-state and climate change ; Democracy II : global governance and climate change ; The policy debate : squaring the circle? ; The political elements of a democratic global deal ; Democracy and the policy menu ahead},
  file = {held-2010-cosmopolitanism.pdf:C\:\\Users\\Philipp Schweizer\\OneDrive\\zotero-files\\held-2010-cosmopolitanism.pdf:application/pdf}
}

@article{lamy2005,
  title = {Hegemony and {{Its Discontents}}: {{A Symposium}}},
  volume = {7},
  shorttitle = {Hegemony and {{Its Discontents}}},
  timestamp = {2016-04-19T21:41:23Z},
  number = {4},
  urldate = {2016-04-19},
  journal = {International Studies Review},
  author = {Lamy, Steven and English, Robert and Smith, Steve},
  year = {2005},
  pages = {525--529},
  file = {lamy-et-al-2005-hegemony_and_its_discontents.pdf:C\:\\Users\\Philipp Schweizer\\OneDrive\\zotero-files\\lamy-et-al-2005-hegemony_and_its_discontents.pdf:application/pdf}
}

@incollection{engels1975,
  address = {Berlin},
  title = {Herrn {{Eugen D{\"u}hrings Umw{\"a}lzung}} der {{Wissenschaft}}},
  volume = {20},
  shorttitle = {Anti-{{D{\"u}hring}}},
  abstract = {Engels hielt es f{\"u}r seine Parteipflicht, die Verteidigung und die Propaganda der Prinzipien des Marxismus in den Reihen der jungen Partei auf sich zu nehmen. Im Laufe von zwei Jahren (1876\textemdash{}1878) schuf Engels das gro\ss{}e Werk ,,Herrn Eugen D{\"u}hrings Umw{\"a}lzung der Wissenschaft`` (,,Anti-D{\"u}hring``), in dem er die Ansichten D{\"u}hrings einer vernichtenden Kritik unterzog und gleichzeitig eine vollst{\"a}ndige Darlegung der Grundlagen der marxistischen Theorie gab. Von Anfang 1877 bis Mitte 1878 ver{\"o}ffentlichte das Zentralorgan der sozialdemokratischen Partei, der ,,Vorw{\"a}rts``, in einer Artikelserie diese Arbeit. Sp{\"a}ter erkl{\"a}rte Engels selbst, warum gerade ihm die Aufgabe, gegen D{\"u}hring und andere zu k{\"a}mpfen, zugefallen war: ,,Infolge der Teilung der Arbeit, die zwischen Marx und mir bestand`` \textendash{} schrieb Engels \textendash{} ,,fiel es mir zu, unsere Ansichten in der periodischen Presse, also namentlich im Kampf mit gegnerischen Ansichten, zu vertreten, damit Marx f{\"u}r die Ausarbeitung seines gro\ss{}en Hauptwerks Zeit behielt. Ich kam dadurch in die Lage, unsere Anschauungsweise meist in polemischer Form, im Gegensatz zu anderen Anschauungsweisen, darzustellen.`` (Siehe Band 21 unserer Ausgabe, S. 328.)},
  timestamp = {2016-07-30T14:53:06Z},
  booktitle = {Marx-{{Engels-Werke Bd}}. 20},
  publisher = {{Dietz}},
  author = {Engels, Friedrich},
  editor = {{Institut f{\"u}r Marxismus-Leninismus beim ZK der SED}},
  year = {1975},
  pages = {1--303}
}

@book{anderson1979,
  address = {Berlin-West},
  title = {Antonio {{Gramsci}}. {{Eine}} kritische {{W{\"u}rdigung}}},
  isbn = {978-3-921241-45-5},
  shorttitle = {Antonio {{Gramsci}}},
  language = {ger},
  timestamp = {2016-03-08T15:56:20Z},
  publisher = {{Olle \& Wolter}},
  author = {Anderson, Perry},
  year = {1979},
  keywords = {Gramsci; Antonio,Marxismus}
}

@book{wathiongo1987,
  address = {Harare, Zimbabwe},
  title = {Decolonising the mind: the politics of language in {{African}} literature},
  isbn = {978-0-949225-38-2},
  shorttitle = {Decolonising the mind},
  language = {English},
  timestamp = {2016-04-19T22:22:07Z},
  publisher = {{Zimbabwe Pub. House}},
  author = {{wa Thiongʾo}, Ng{\~u}g{\~\i}},
  year = {1987},
  file = {wa_thiongʾo-1987-decolonising_the_mind.pdf:C\:\\Users\\Philipp Schweizer\\OneDrive\\zotero-files\\wa_thiongʾo-1987-decolonising_the_mind.pdf:application/pdf}
}

@book{speck2007,
  address = {Freiburg},
  edition = {Originalausg},
  title = {550 {{Jahre Albert-Ludwigs-Universit{\"a}t Freiburg}}: [{{Festschrift}}]},
  isbn = {978-3-495-48251-3 978-3-495-48252-0 978-3-495-48253-7 978-3-495-48254-4 978-3-495-48255-1},
  lccn = {LF2603 .A3 2007},
  shorttitle = {550 {{Jahre Albert-Ludwigs-Universit{\"a}t Freiburg}}},
  timestamp = {2016-06-14T16:51:04Z},
  publisher = {{Alber}},
  editor = {Speck, Dieter},
  year = {2007},
  keywords = {History,Universität Freiburg im Breisgau,Universität Freiburg im Breisgau},
  annote = {02/NU 3115 S741-2 
verfuegbar IG Farben-Haus, Q6, 4. OG, Raum 4.621
~},
  annote = {Bd 1. Bilder, Episoden, Glanzlichter / Texte und Bildauswahl von Dieter Speck -- Bd. 2. Von der hohen Schule zur Universita\"t der Neuzeit / herausgegeben von Dieter Mertens und Heribert Smolinsky -- Bd. 3. Von der badischen Landesuniversita\"t zur Hochschule des 21. Jahrhunderts / herausgegeben von Bernd Martin -- Bd. 4. Wegweisende naturwissenschaftliche und medizinische Forschung / herausgegeben von Christoph Ru\"chardt ... [et al.] -- Bd. 5. Institute und Seminare seit 1945 / herausgegeben von Bernd Martin}
}

@article{sochor1981,
  title = {Was {{Bogdanov Russia}}'s {{Answer}} to {{Gramsci}}?},
  volume = {22},
  timestamp = {2016-04-19T21:46:59Z},
  number = {1},
  urldate = {2016-04-19},
  journal = {Studies in East European Thought},
  author = {Sochor, Zenovia A.},
  year = {1981},
  pages = {59--81},
  file = {sochor-1981-was_bogdanov_russia's_answer_to_gramsci.pdf:C\:\\Users\\Philipp Schweizer\\OneDrive\\zotero-files\\sochor-1981-was_bogdanov_russia's_answer_to_gramsci.pdf:application/pdf}
}

@article{marks1998,
  title = {From the {{Single Confused Page}} to the {{Decalogue}} for {{Six Billion Persons}}: {{The Roots}} of the {{Universal Declaration}} of {{Human Rights}} in the {{French Revolution}}},
  volume = {20},
  shorttitle = {From the {{Single Confused Page}} to the {{Decalogue}} for {{Six Billion Persons}}},
  timestamp = {2016-06-29T20:41:24Z},
  journal = {Human Rights Quarterly},
  author = {Marks, Stephen P.},
  year = {1998},
  pages = {459},
  file = {marks-1998-from_the_single_confused_page_to_the_decalogue_for_six_billion_persons.pdf:C\:\\Users\\Philipp Schweizer\\OneDrive\\zotero-files\\marks-1998-from_the_single_confused_page_to_the_decalogue_for_six_billion_persons.pdf:application/pdf}
}

@book{sturm2009,
  address = {Paderborn},
  title = {Kant und die {{Wissenschaften}} vom {{Menschen}}},
  timestamp = {2016-06-14T07:51:38Z},
  urldate = {2016-06-14},
  publisher = {{mentis}},
  author = {Sturm, Thomas},
  year = {2009},
  file = {sturm-2009-kant_und_die_wissenschaften_vom_menschen.pdf:C\:\\Users\\Philipp Schweizer\\OneDrive\\zotero-files\\sturm-2009-kant_und_die_wissenschaften_vom_menschen.pdf:application/pdf}
}

@book{baudrillard1990,
  address = {Paris},
  series = {Collection Tel},
  title = {Pour une critique de l'{\'e}conomie politique du signe},
  isbn = {978-2-07-029614-9},
  timestamp = {2016-03-17T13:56:18Z},
  number = {12},
  publisher = {{Gallimard}},
  author = {Baudrillard, Jean},
  year = {1990 [1972]}
}

@book{guyer2010,
  address = {Cambridge},
  series = {Cambridge Companions to Philosophy},
  title = {The {{Cambridge Companion}} to {{Kant}}'s {{Critique}} of {{Pure Reason}}},
  isbn = {978-0-521-88386-3},
  language = {eng},
  timestamp = {2016-04-20T15:07:48Z},
  publisher = {{Cambridge University Press}},
  editor = {Guyer, Paul},
  year = {2010},
  keywords = {Immanuel,Kant},
  file = {guyer-2010-the_cambridge_companion_to_kant's_critique_of_pure_reason.pdf:C\:\\Users\\Philipp Schweizer\\OneDrive\\zotero-files\\guyer-2010-the_cambridge_companion_to_kant's_critique_of_pure_reason.pdf:application/pdf}
}

@article{cohen1984,
  title = {Can irrationality be discussed accurately?},
  volume = {7},
  timestamp = {2016-08-13T18:49:47Z},
  number = {4},
  urldate = {2016-08-12},
  journal = {Behavioral and Brain Sciences},
  author = {Cohen, L. Jonathan},
  year = {1984},
  pages = {736--738}
}

@incollection{cohen2008,
  address = {Cambridge; New York},
  title = {Can {{Human Irrationality Be Experimentally Demonstraded}}?},
  timestamp = {2016-04-30T11:58:21Z},
  booktitle = {Reasoning. {{Studies}} of {{Human Inference}} and {{Its Foundations}}},
  publisher = {{Cambridge University Press}},
  author = {Cohen, L. Jonathan},
  editor = {Adler, Jonathan E. and Rips, Lance J.},
  year = {2008},
  pages = {136--155},
  file = {cohen-2008-can_human_irrationality_be_experimentally_demonstraded.pdf:C\:\\Users\\Philipp Schweizer\\OneDrive\\zotero-files\\cohen-2008-can_human_irrationality_be_experimentally_demonstraded.pdf:application/pdf}
}

@article{montgomery1994,
  title = {From {{Scientific Socialism}} to {{Political Science}}?},
  copyright = {Copyright \textcopyright{} 1994 International Labor and Working-Class, Inc.},
  issn = {01475479},
  doi = {10.2307/27672171},
  timestamp = {2014-06-09T16:46:35Z},
  number = {46},
  journal = {International Labor and Working-Class History},
  author = {Montgomery, David},
  month = oct,
  year = {1994},
  pages = {63--66}
}

@article{oiserman1983,
  title = {Der philosophische {{Irrationalismus}} und die {{Krise}} des {{Kapitalistischen Systems}}},
  volume = {31},
  issn = {0012-1045},
  language = {German},
  timestamp = {2016-06-29T14:43:57Z},
  number = {6},
  urldate = {2016-06-29},
  journal = {Deutsche Zeitschrift f{\"u}r Philosophie},
  author = {Oiserman, T. I.},
  month = jan,
  year = {1983},
  file = {oiserman-1983-der_philosophische_irrationalismus_und_die_krise_des_kapitalistischen_systems.pdf:C\:\\Users\\Philipp Schweizer\\OneDrive\\zotero-files\\oiserman-1983-der_philosophische_irrationalismus_und_die_krise_des_kapitalistischen_systems.pdf:application/pdf}
}

@article{finocchiaro1979a,
  title = {On the importance of philosophy for history of science: {{Studies}} in the logic of erudition},
  volume = {42},
  shorttitle = {On the importance of philosophy for history of science},
  timestamp = {2016-08-17T21:35:51Z},
  number = {3},
  urldate = {2016-08-17},
  journal = {Synthese},
  author = {Finocchiaro, Maurice A.},
  year = {1979},
  pages = {411--441},
  file = {Snapshot:C\:\\Users\\Philipp Schweizer\\OneDrive\\zotero\\storage\\MMKGR7ZQ\\10.html:text/html}
}

@article{evans2011,
  title = {Towards a descriptivist psychology of reasoning and decision making},
  volume = {34},
  timestamp = {2016-08-13T18:54:11Z},
  number = {5},
  urldate = {2016-08-10},
  journal = {Behavioral and Brain Sciences},
  author = {Evans, Jonathan St BT and Elqayam, Shira},
  year = {2011},
  pages = {275--290}
}

@book{feyerabend1993a,
  address = {London ; New York},
  edition = {3},
  title = {Against method},
  isbn = {978-0-86091-481-5 978-0-86091-646-8},
  lccn = {Q175 .F42 1993},
  timestamp = {2016-08-18T14:30:57Z},
  publisher = {{Verso}},
  author = {Feyerabend, Paul},
  year = {1993},
  keywords = {Methodology,Philosophy,Rationalism,Science},
  file = {feyerabend-1993-against_method.pdf:C\:\\Users\\Philipp Schweizer\\OneDrive\\zotero-files\\feyerabend-1993-against_method.pdf:application/pdf}
}

@article{robertson2007,
  title = {Puritans into {{Revolutionaries}}: {{Butler}}'s "{{Hudibras}}" and {{Ratschky}}'s "{{Melchior Striegel}}"},
  shorttitle = {Puritans into {{Revolutionaries}}},
  timestamp = {2016-06-14T12:10:43Z},
  urldate = {2016-04-27},
  journal = {Austrian Studies},
  author = {Robertson, Ritchie},
  year = {2007},
  pages = {17--40},
  annote = {Nutzlos f{\"u}r die Weissegger Recherche: Weisseggers "Beytr{\"a}ge" werden einmal zitiert, thats it.},
  file = {robertson-2007-puritans_into_revolutionaries.pdf:C\:\\Users\\Philipp Schweizer\\OneDrive\\zotero-files\\robertson-2007-puritans_into_revolutionaries.pdf:application/pdf}
}

@book{ash1964,
  address = {New York},
  title = {Marxism and {{Moral Concepts}}},
  timestamp = {2016-08-20T13:39:20Z},
  publisher = {{Monthly Review Press}},
  author = {Ash, William},
  year = {1964},
  file = {ash-1964-marxism_and_moral_concepts.pdf:C\:\\Users\\Philipp Schweizer\\OneDrive\\zotero-files\\ash-1964-marxism_and_moral_concepts.pdf:application/pdf}
}

@book{held2004a,
  address = {London},
  edition = {2},
  series = {An introduction to the social sciences: understanding social change},
  title = {A {{Globalizing World}}? {{Culture}}, {{Economics}}, {{Politics}}},
  isbn = {978-0-203-39219-5 978-0-415-32973-6 978-0-415-32974-3},
  shorttitle = {A globalizing world?},
  language = {eng},
  timestamp = {2016-08-19T14:52:23Z},
  publisher = {{Routledge}},
  editor = {Held, David},
  year = {2004},
  note = {OCLC: 249326014},
  keywords = {Aufsatzsammlung,Globalisierung,Globalization,Kultur,Politik,Wirtschaft},
  annote = {Literaturangaben Enth. 4 Beitr Previous ed.: 2000},
  file = {held-2004-a_globalizing_world.pdf:C\:\\Users\\Philipp Schweizer\\OneDrive\\zotero-files\\held-2004-a_globalizing_world.pdf:application/pdf}
}

@article{green1993,
  title = {Advanced {{Capitalist Hegemony}} and the {{Significance}} of {{Gramsci}}'s {{Insights}}: {{A Restatement}}},
  shorttitle = {Advanced {{Capitalist Hegemony}} and the {{Significance}} of {{Gramsci}}'s {{Insights}}},
  timestamp = {2016-04-19T21:44:04Z},
  urldate = {2016-04-19},
  journal = {Social and Economic Studies},
  author = {Green, Cecilia},
  year = {1993},
  pages = {175--207},
  file = {green-1993-advanced_capitalist_hegemony_and_the_significance_of_gramsci's_insights.pdf:C\:\\Users\\Philipp Schweizer\\OneDrive\\zotero-files\\green-1993-advanced_capitalist_hegemony_and_the_significance_of_gramsci's_insights.pdf:application/pdf}
}

@book{golding1992,
  title = {Gramsci's {{Democratic Theory}}: {{Contributions}} to a {{Post-Liberal Democracy}}},
  shorttitle = {Gramsci's democratic theory},
  timestamp = {2016-04-19T21:48:07Z},
  urldate = {2016-04-19},
  publisher = {{University of Toronto Press}},
  author = {Golding, Sue},
  year = {1992},
  file = {golding-1992-gramsci's_democratic_theory.pdf:C\:\\Users\\Philipp Schweizer\\OneDrive\\zotero-files\\golding-1992-gramsci's_democratic_theory.pdf:application/pdf}
}

@article{fields1992,
  title = {Human {{Rights}} as a {{Holistic Concept}}},
  volume = {14},
  timestamp = {2016-06-29T20:41:24Z},
  journal = {Human Rights Quarterly},
  author = {Fields, A. Belden and Narr, Wolf-Dieter},
  year = {1992},
  pages = {1},
  file = {fields&narr-1992-human_rights_as_a_holistic_concept.pdf:C\:\\Users\\Philipp Schweizer\\OneDrive\\zotero-files\\fields&narr-1992-human_rights_as_a_holistic_concept.pdf:application/pdf}
}

@incollection{langemeyer2009,
  address = {Wiesbaden},
  title = {Antonio {{Gramsci}}: {{Hegemonie}}, {{Politik}} des {{Kulturellen}}, geschichtlicher {{Block}}},
  timestamp = {2016-03-06T13:51:54Z},
  booktitle = {Schl{\"u}sselwerke der {{Cultural Studies}}},
  publisher = {{VS Verlag f{\"u}r Sozialwissenschaften}},
  author = {Langemeyer, Ines},
  editor = {Hepp, Andreas and Krotz, Friedrich and Thomas, Tanja},
  year = {2009},
  pages = {72--82}
}

@incollection{marx1961,
  address = {Berlin},
  edition = {1},
  title = {Zur {{Kritik}} der {{Politischen {\"O}konomie}}},
  timestamp = {2016-08-22T06:41:52Z},
  booktitle = {Marx-{{Engels-Werke Bd}}. 13},
  publisher = {{Dietz}},
  author = {Marx, Karl},
  editor = {{Institut f{\"u}r Marxismus-Leninismus beim ZK der SED}},
  year = {1961},
  pages = {7--11}
}

@book{horwich1993,
  address = {Cambridge, Mass},
  title = {World {{Changes}}: {{Thomas Kuhn}} and the {{Nature}} of {{Science}}},
  isbn = {978-0-262-08216-7},
  lccn = {Q175.3 .W67 1993},
  shorttitle = {World changes},
  timestamp = {2016-06-15T09:56:45Z},
  publisher = {{MIT Press}},
  editor = {Horwich, Paul},
  year = {1993},
  keywords = {History,Kuhn; Thomas S,Philosophy,Science},
  annote = {"A Bradford book."}
}

@article{gause2008,
  title = {Chapter 1: {{Integration Matters}}},
  volume = {337},
  issn = {1058-1634},
  shorttitle = {Chapter 1},
  timestamp = {2016-03-05T15:03:46Z},
  urldate = {2016-03-05},
  journal = {Counterpoints},
  author = {Gause, C. P.},
  year = {2008},
  pages = {15--36},
  annote = {
The Frankfurt School of 'critical theory' was regarded by orthodox Marxists as 'revisionist' partly because of its criticism of economics and crude materialism, and partly because of its eclecticism. In media theory it is important for offering the first Marxist attempt to theorize about the media (Gurevitch et al., 1982, p. 8). However, it provided no real way forward for the study of the mass media.
}
}

@book{debenoist2004,
  title = {Kritik der {{Menschenrechte}}: warum {{Universalismus}} und {{Globalisierung}} die {{Freiheit}} bedrohen},
  shorttitle = {Kritik der {{Menschenrechte}}},
  timestamp = {2016-06-28T14:43:19Z},
  publisher = {{Junge Freiheit}},
  author = {{de Benoist}, Alain},
  year = {2004}
}

@article{cohen1981a,
  title = {Can {{Human Irrationality Be Experimentally Demonstrated}}?},
  volume = {4},
  issn = {1469-1825},
  doi = {10.1017/S0140525X00009092},
  abstract = {The object of this paper is to show why recent research in the psychology of deductive and probabilistic reasoning does not have "bleak implications for human rationality," as has sometimes been supposed. The presence of fallacies in reasoning is evaluated by referring to normative criteria which ultimately derive their own credentials from a systematisation of the intuitions that agree with them. These normative criteria cannot be taken, as some have suggested, to constitute a part of natural science, nor can they be established by metamathematical proof. Since a theory of competence has to predict the very same intuitions, it must ascribe rationality to ordinary people.Accordingly, psychological research on this topic falls into four categories. In the first, experimenters investigate conditions under which their subjects suffer from genuine cognitive illusions. The search for explanations of such performance errors may then generate hypotheses about the ways in which the relevant information-processing mechanisms operate. In the second category, experimenters investigate circumstances in which their subjects exhibit mathematical or scientific ignorance: these are tests of the subjects' intelligence or education. In the third and fourth categories, experimenters impute a fallacy where none exists, either because they are applying the relevant normative criteria in an inappropriate way or because the normative criteria being applied are not the appropriate ones.},
  timestamp = {2016-08-13T18:59:00Z},
  number = {3},
  urldate = {2016-04-27},
  journal = {Behavioral and Brain Sciences},
  author = {Cohen, L. Jonathan},
  month = sep,
  year = {1981},
  pages = {317--331},
  file = {cohen-1981-can_human_irrationality_be_experimentally_demonstrated.pdf:C\:\\Users\\Philipp Schweizer\\OneDrive\\zotero-files\\cohen-1981-can_human_irrationality_be_experimentally_demonstrated.pdf:application/pdf}
}

@article{calhoun2002,
  title = {The {{Class Consciousness}} of {{Frequent Travelers}}: {{Toward}} a {{Critique}} of {{Actually Existing Cosmopolitanism}}},
  volume = {101},
  issn = {1527-8026},
  shorttitle = {Frequent {{Travelers}}},
  timestamp = {2016-06-22T11:22:57Z},
  number = {4},
  urldate = {2016-06-22},
  journal = {The South Atlantic Quarterly},
  author = {Calhoun, Craig J.},
  year = {2002},
  pages = {869--897},
  file = {calhoun-2002-the_class_consciousness_of_frequent_travelers.pdf:C\:\\Users\\Philipp Schweizer\\OneDrive\\zotero-files\\calhoun-2002-the_class_consciousness_of_frequent_travelers.pdf:application/pdf}
}

@incollection{sturm2015,
  address = {Berlin},
  title = {Naturwissenschaft},
  volume = {2},
  timestamp = {2016-05-10T17:18:44Z},
  booktitle = {Kant-{{Lexikon}}},
  publisher = {{De Gruyter}},
  author = {Sturm, Thomas and {De Bianchi}, Silvia},
  editor = {Willaschek, Marcus and Stolzenberg, J{\"u}rgen and Mohr, Georg},
  year = {2015},
  pages = {1643--1650}
}

@article{brennan1989,
  title = {Cosmopolitans and celebrities},
  volume = {31},
  issn = {0306-3968, 1741-3125},
  doi = {10.1177/030639688903100102},
  abstract = {SAGE Publications},
  language = {en},
  timestamp = {2016-08-03T17:50:02Z},
  number = {1},
  urldate = {2016-08-03},
  journal = {Race \& Class},
  author = {Brennan, Tim},
  month = jan,
  year = {1989},
  pages = {1--19},
  file = {brennan-1989-cosmopolitans_and_celebrities.pdf:C\:\\Users\\Philipp Schweizer\\OneDrive\\zotero-files\\brennan-1989-cosmopolitans_and_celebrities.pdf:application/pdf;Snapshot:C\:\\Users\\Philipp Schweizer\\OneDrive\\zotero\\storage\\XV3B9PMW\\results.html:text/html}
}

@article{townshend1997,
  title = {The {{Politics}} of {{Marxism}}: {{The Critical Debates}}},
  volume = {21},
  issn = {0309-8168, 2041-0980},
  shorttitle = {The {{Politics}} of {{Marxism}}},
  doi = {10.1177/030981689706200120},
  abstract = {SAGE Publications},
  language = {en},
  timestamp = {2016-08-03T17:42:35Z},
  number = {2},
  urldate = {2016-08-03},
  journal = {Capital \& Class},
  author = {Townshend, Jules},
  month = jan,
  year = {1997},
  pages = {201--203},
  file = {townshend-1997-the_politics_of_marxism.pdf:C\:\\Users\\Philipp Schweizer\\OneDrive\\zotero-files\\townshend-1997-the_politics_of_marxism.pdf:application/pdf;Snapshot:C\:\\Users\\Philipp Schweizer\\OneDrive\\zotero\\storage\\W2EUJ79T\\201.2.full.html:text/html}
}

@article{kourany1982,
  title = {Performing competently. [{{Peer-Kommentar}} zu "{{Can Human Irrationality Be Experimentally Demonstrated}}?", von {{Jonathan L}}. {{Cohen}}]},
  volume = {4},
  issn = {1469-1825},
  doi = {10.1017/S0140525X00009092},
  timestamp = {2016-08-17T09:25:57Z},
  number = {3},
  urldate = {2016-04-27},
  journal = {Behavioral and Brain Sciences},
  author = {Lopes, Lola L.},
  month = sep,
  year = {1981},
  pages = {343--344}
}

@article{faulstich2011,
  title = {Aufkl{\"a}rung \textendash{} {{Der Zugang}} zum {{Wissen}} und die {{Macht}} seines {{Gebrauchs}}},
  volume = {24},
  timestamp = {2016-04-19T22:04:15Z},
  number = {2},
  urldate = {2016-04-19},
  journal = {Report Zeitschrift f{\"u}r Weiterbildungsforschung},
  author = {Faulstich, Peter},
  year = {2011},
  pages = {15--22},
  file = {faulstich-2011-aufklärung_–_der_zugang_zum_wissen_und_die_macht_seines_gebrauchs.pdf:C\:\\Users\\Philipp Schweizer\\OneDrive\\zotero-files\\faulstich-2011-aufklärung_–_der_zugang_zum_wissen_und_die_macht_seines_gebrauchs.pdf:application/pdf}
}

@article{williams2016,
  title = {Trump and the postmodernists' political legacy},
  issn = {0190-8286},
  abstract = {In her May 1 Sunday Opinion commentary, ``Hairdressers vs. statesmen,'' Danielle Allen condemned Republican presidential candidate Donald Trump for talking as if ``the Western tradition amounts to no mor...},
  language = {en-US},
  timestamp = {2016-05-10T16:42:31Z},
  urldate = {2016-05-10},
  journal = {The Washington Post},
  author = {Williams, David R.},
  month = may,
  year = {2016},
  file = {Washington Post Snapshot:C\:\\Users\\Philipp Schweizer\\OneDrive\\zotero\\storage\\SZWRV9WC\\ed9f91ec-109c-11e6-a9b5-bf703a5a7191_print.html:text/html}
}

@incollection{marx1981,
  address = {Berlin},
  edition = {13 {\"u}berarb.},
  title = {Zur {{Judenfrage}}},
  abstract = {In dem Artikel "Zur Judenfrag" wies Marx die Haltlosig keit der Ansichten Bruno Bauers nach, der den Weg zur Befreiung der in Deutschland politisch rechtlosen Juden in der Emanzipation der Juden von der Religion sah. Ausgehend von dem konkreten Problem der Judenbefreiung entwickelte Marx grundlegende Gedanken {\"u}ber das allgemeine Problem der Befreiung der Menschheit von dem auf ihr lastenden sozialen und politischen Joch. Dabei unterschied er zwischen glqqpolitischer Emanzipationgrqq, worunter er die Verk{\"u}ndung b{\"u}rgerlich-demokratischer Freiheiten als Ergebnis einer b{\"u}rgerlichen Revolution verstand, und glqqmenschlicher Emanzipationgrqq, die Befreiung des Menschen von den Gebrechen der b{\"u}rgerlichen Gesellschaft, die Aufhebung jeglicher sozialer und politischer Ungleichheit und Unterdr{\"u}ckung. Hier formulierte Marx also bereits im Ansatz die Idee von dem grundlegenden Unterschied zwischen der b{\"u}rgerlichen und der sozialistischen Revolution.},
  timestamp = {2016-08-22T06:43:00Z},
  booktitle = {Marx-{{Engels-Werke Bd}}. 1},
  publisher = {{Dietz}},
  author = {Marx, Karl},
  editor = {{Institut f{\"u}r Marxismus-Leninismus beim ZK der SED}},
  year = {1981},
  pages = {347--377}
}

@book{gigerenzer2002a,
  title = {Bounded {{Rationality}}: {{The Adaptive Toolbox}}},
  shorttitle = {Bounded {{Rationality}}},
  timestamp = {2016-06-06T19:35:08Z},
  urldate = {2016-06-06},
  publisher = {{MIT Press}},
  editor = {Gigerenzer, Gerd and Selten, Reinhard},
  year = {2002},
  file = {gigerenzer&selten-2002-bounded_rationality.pdf:C\:\\Users\\Philipp Schweizer\\OneDrive\\zotero-files\\gigerenzer&selten-2002-bounded_rationality.pdf:application/pdf}
}

@misc{zotero-null-127,
  title = {How {{Postmodernism Explains Football}} | {{And Football Explains Postmodernism}}: {{The Billy Clyde Conundrum}}},
  shorttitle = {How {{Postmodernism Explains Football}} | {{And Football Explains Postmodernism}}},
  timestamp = {2016-05-10T16:37:36Z},
  urldate = {2016-05-10},
  file = {Snapshot:C\:\\Users\\Philipp Schweizer\\OneDrive\\zotero\\storage\\647FJFNM\\okla3r.com.html:text/html}
}

@article{mcrae1957,
  title = {Kant's {{Conception}} of the {{Unity}} of the {{Sciences}}},
  volume = {18},
  timestamp = {2016-06-14T07:47:20Z},
  number = {1},
  urldate = {2016-06-14},
  journal = {Philosophy and Phenomenological Research},
  author = {McRae, Robert},
  year = {1957},
  pages = {1--17},
  file = {mcrae-1957-kant's_conception_of_the_unity_of_the_sciences.pdf:C\:\\Users\\Philipp Schweizer\\OneDrive\\zotero-files\\mcrae-1957-kant's_conception_of_the_unity_of_the_sciences.pdf:application/pdf}
}

@book{gramsci1994,
  address = {Hamburg},
  title = {Gef{\"a}ngnishefte. {{Bd}}. 6: {{Hefte}} 10-11},
  isbn = {978-3-88619-416-2},
  shorttitle = {Gef{\"a}ngnishefte},
  abstract = {Heft 10, 1932-1935
Heft 11, 1932-1933},
  timestamp = {2016-04-01T12:58:06Z},
  publisher = {{Argument}},
  author = {Gramsci, Antonio},
  editor = {{Bochmann, Klaus} and Haug, Wolfgang Fritz},
  year = {1994}
}

@article{einhorn1981,
  title = {Rationality and the sanctity of competence. [{{Peer-Kommentar}} zu "{{Can Human Irrationality Be Experimentally Demonstrated}}?", von {{Jonathan L}}. {{Cohen}}]},
  volume = {4},
  issn = {1469-1825},
  doi = {10.1017/S0140525X00009092},
  timestamp = {2016-08-12T19:40:09Z},
  number = {3},
  urldate = {2016-04-27},
  journal = {Behavioral and Brain Sciences},
  author = {Einhorn, Hillel J. and Hogarth, Robin M.},
  month = sep,
  year = {1981},
  pages = {334--335}
}

@book{wathiongo1993,
  address = {London : Portsmouth, N.H},
  series = {Studies in African literature},
  title = {Moving the {{Centre}}: {{The Struggle}} for {{Cultural Freedoms}}},
  isbn = {978-0-85255-530-9 978-0-435-08079-2},
  lccn = {PL8010 .N485 1993},
  shorttitle = {Moving the centre},
  language = {eng},
  timestamp = {2016-04-19T22:12:39Z},
  publisher = {{J. Currey ; Heinemann}},
  author = {{wa Thiongʾo}, Ng{\~u}g{\~\i}},
  year = {1993},
  keywords = {20th century,African literature,European influences,History and criticism},
  annote = {A collection of talks and essays, created between 1980 and 1992, and translated from Kikuyu by the author Includes index},
  file = {wa_thiongʾo-1993-moving_the_centre.pdf:C\:\\Users\\Philipp Schweizer\\OneDrive\\zotero-files\\wa_thiongʾo-1993-moving_the_centre.pdf:application/pdf}
}

@incollection{forster1998,
  address = {Berlin},
  series = {Klassiker Auslegen},
  title = {Die {{Vorreden}}},
  volume = {17/18},
  isbn = {978-3-05-005038-6},
  language = {de},
  timestamp = {2016-04-20T15:17:13Z},
  booktitle = {Immanuel {{Kant}}, {{Kritik}} der reinen {{Vernunft}}},
  publisher = {{Akademie Verlag}},
  author = {F{\"o}rster, Eckart},
  editor = {Mohr, Georg and Willaschek, Marcus},
  year = {1998},
  keywords = {Kant; Immanuel,Kritik der reinen Vernunft,transzendentale Deduktion},
  pages = {37--55},
  file = {förster-1998-die_vorreden.pdf:C\:\\Users\\Philipp Schweizer\\OneDrive\\zotero-files\\förster-1998-die_vorreden.pdf:application/pdf}
}

@article{murphy1985,
  title = {The {{Role}} of {{Theories}} in {{Conceptual Coherence}}},
  volume = {92},
  copyright = {(c) 2012 APA, all rights reserved},
  issn = {1939-1471(Electronic);0033-295X(Print)},
  doi = {10.1037/0033-295X.92.3.289},
  abstract = {In order to answer the question of what makes a concept coherent (what makes its members form a comprehensible class), accounts based on similarity, features correlations, and various theories of categorization are reviewed. In general, the similarity-based approach is seen to require a minimum of conceptual organization and relations, whereas the theory-based approach emphasizes both. It is concluded that each theory provides an inadequate account of conceptual coherence (or no account at all), because none provides enough constraints on possible concepts. The authors propose that concepts are coherent to the extent that they fit people's background knowledge or naive theories about the world. These theories help to relate the concepts in a domain and to structure the attributes that are internal to a concept. Evidence of the influence of theories on various conceptual tasks is presented, and the possible importance of theories in cognitive development is discussed. (109 ref)},
  timestamp = {2016-04-30T21:24:00Z},
  number = {3},
  journal = {Psychological Review},
  author = {Murphy, Gregory L. and Medin, Douglas L.},
  year = {1985},
  keywords = {*Classification (Cognitive Process),*Concepts,*Theories,Cognitive Development},
  pages = {289--316},
  file = {murphy&medin-1985-the_role_of_theories_in_conceptual_coherence.pdf:C\:\\Users\\Philipp Schweizer\\OneDrive\\zotero-files\\murphy&medin-1985-the_role_of_theories_in_conceptual_coherence.pdf:application/pdf}
}

@book{mohr1998,
  address = {Berlin},
  series = {Klassiker Auslegen},
  title = {Immanuel {{Kant}}, {{Kritik}} der reinen {{Vernunft}}},
  volume = {17/18},
  isbn = {978-3-05-005038-6},
  lccn = {/},
  language = {da},
  timestamp = {2016-04-20T15:04:52Z},
  publisher = {{Akademie Verlag}},
  editor = {Mohr, Georg and Willaschek, Marcus and H{\"o}ffe, Otfried},
  year = {1998},
  keywords = {Auflage,Deduktion,Einleitung,Vernunft}
}

@incollection{ruchatz2008,
  address = {Konstanz},
  edition = {1. Aufl},
  series = {Historische Kulturwissenschaft},
  title = {Lenins {{Medienrevolution}} als {{Exempel}}. {{Eine}} medientheoretische {{Klarstellung}}},
  isbn = {978-3-86764-073-2},
  lccn = {P95.8 .R48 2008},
  timestamp = {2016-03-12T14:23:42Z},
  number = {11},
  booktitle = {Revolutionsmedien \textendash{} {{Medienrevolutionen}}},
  publisher = {{UVK Verlagsgesellschaft}},
  author = {Ruchatz, Jens},
  editor = {Grampp, Sven and Kirchmann, Kay and Sandl, Marcus and Schl{\"o}gl, Rudolf and Wiebel, Eva},
  year = {2008},
  keywords = {Massenmedien,Medien,Mediengeschichte,Revolutionen},
  pages = {325--346},
  annote = {Papers from a conference held 25-28 May 2005 at Universita\"t Konstanz}
}

@incollection{lenin1975,
  address = {Berlin},
  edition = {7},
  title = {Der {{Imperialismus}} und die {{Spaltung}} des {{Sozialismus}}},
  volume = {23},
  timestamp = {2016-04-04T17:55:17Z},
  booktitle = {Werke {{Bd}}. 23},
  publisher = {{Dietz}},
  author = {Lenin, Wladimir Iljitsch},
  year = {1975 (1916)},
  pages = {102--118}
}

@incollection{miller2011,
  title = {The {{History}} and {{Philosophy}} of {{Science History}}},
  timestamp = {2016-08-17T21:43:40Z},
  urldate = {2016-08-17},
  booktitle = {Integrating {{History}} and {{Philosophy}} of {{Science}}},
  publisher = {{Springer}},
  author = {Miller, David Marshall},
  year = {2011},
  pages = {29--48},
  file = {miller-2011-the_history_and_philosophy_of_science_history.pdf:C\:\\Users\\Philipp Schweizer\\OneDrive\\zotero-files\\miller-2011-the_history_and_philosophy_of_science_history.pdf:application/pdf;Snapshot:C\:\\Users\\Philipp Schweizer\\OneDrive\\zotero\\storage\\GENF67FF\\978-94-007-1745-9_3.html:text/html}
}

@article{bernauer1994,
  title = {Foucaults {{Ethik}}},
  volume = {42},
  issn = {0012-1045},
  language = {German},
  timestamp = {2016-06-29T14:48:23Z},
  number = {4},
  urldate = {2016-06-29},
  journal = {Deutsche Zeitschrift f{\"u}r Philosophie},
  author = {Bernauer, James W. and Mahon, Michael},
  year = {1994},
  file = {bernauer&mahon-1994-foucaults_ethik.pdf:C\:\\Users\\Philipp Schweizer\\OneDrive\\zotero-files\\bernauer&mahon-1994-foucaults_ethik.pdf:application/pdf}
}

@book{radner1970,
  address = {Minneapolis, Minn},
  series = {Minnesota studies in the philosophy of science},
  title = {Analyses of theories and methods of physics and psychology: [{{Conference}} on the {{Problems}} of {{Correspondence Rules}} held at the {{Minnesota Center}} for {{Philosophy}} of {{Science}} in {{May}} 1966]},
  isbn = {978-0-8166-0591-0},
  shorttitle = {Analyses of theories and methods of physics and psychology},
  language = {eng},
  timestamp = {2016-05-23T18:52:19Z},
  number = {4},
  publisher = {{Univ. of Minnesota Press}},
  editor = {Radner, Michael and Winokur, Stephen},
  year = {1970},
  annote = {Literaturangaben}
}

@article{holz1971,
  title = {Wissenschaftspluralismus \textemdash{} ein unsinniger {{Begriff}}},
  timestamp = {2016-03-12T08:01:29Z},
  journal = {DUZ/HD},
  author = {Holz, Hans Heinz},
  year = {1971},
  pages = {765}
}

@article{finocchiaro1979,
  title = {Epistemology and ideology in science, technology and development},
  timestamp = {2016-08-17T21:43:40Z},
  journal = {Science, Technology and Development, Westview, Boulder, CO},
  author = {Goonatilake, Susantha},
  year = {1988},
  pages = {93--115}
}

@article{dias1999,
  title = {Ethnomathematics vs. epistemological hegemony},
  volume = {19},
  timestamp = {2016-04-19T21:39:55Z},
  number = {3},
  urldate = {2016-04-19},
  journal = {For the Learning of Mathematics},
  author = {Dias, Ana},
  year = {1999},
  pages = {23--26},
  file = {dias-1999-ethnomathematics_vs.pdf:C\:\\Users\\Philipp Schweizer\\OneDrive\\zotero-files\\dias-1999-ethnomathematics_vs.pdf:application/pdf}
}

@incollection{kegley1989,
  title = {History and philosophy of science: {{Necessary}} partners or merely roommates?},
  shorttitle = {History and philosophy of science},
  timestamp = {2016-08-17T21:43:40Z},
  urldate = {2016-08-17},
  booktitle = {History and anti-history in philosophy},
  publisher = {{Springer}},
  author = {Kegley, J.},
  year = {1989},
  pages = {237--255},
  file = {Snapshot:C\:\\Users\\Philipp Schweizer\\OneDrive\\zotero\\storage\\SG8GME9F\\978-94-009-2466-6_9.html:text/html}
}

@book{kahneman2012,
  address = {M{\"u}nchen},
  title = {Schnelles {{Denken}}, langsames {{Denken}}},
  isbn = {978-3-570-55215-5 978-3-641-09374-7},
  abstract = {Intuition oder Vernunft? - Menschliches Verhalten und das Verst{\"a}ndnis von Wirtschaft Wie treffen wir unsere Entscheidungen? Warum ist Z{\"o}gern ein {\"u}berlebensnotwendiger Reflex, und was passiert in unserem Gehirn, wenn wir andere Menschen oder Dinge beurteilen? Daniel Kahneman, Nobelpreistr{\"a}ger und einer der einflussreichsten Wissenschaftler unserer...},
  language = {German},
  timestamp = {2016-08-13T15:26:56Z},
  publisher = {{Siedler}},
  author = {Kahneman, Daniel},
  year = {2012},
  note = {OCLC: 891161639}
}

@incollection{becker2010,
  address = {Berlin},
  title = {Siebenpfeiffer, {{Philipp Jakob}}},
  volume = {24},
  timestamp = {2016-06-04T13:31:54Z},
  booktitle = {Neue deutsche {{Biographie}}. {{Bd}}. 24 {{Schwarz}} \textendash{} {{Stader}}},
  publisher = {{Duncker \& Humblot}},
  author = {Becker, Bernhard},
  editor = {{zu Stolberg-Wernigerode}, Otto},
  year = {2010},
  file = {becker-2010-siebenpfeiffer,_philipp_jakob.pdf:C\:\\Users\\Philipp Schweizer\\OneDrive\\zotero-files\\becker-2010-siebenpfeiffer,_philipp_jakob.pdf:application/pdf}
}

@article{sparer1984,
  title = {Fundamental {{Human Rights}}, {{Legal Entitlements}}, and the {{Social Struggle}}: {{A Friendly Critique}} of the {{Critical Legal Studies Movement}}},
  volume = {36},
  issn = {0038-9765},
  shorttitle = {Fundamental {{Human Rights}}, {{Legal Entitlements}}, and the {{Social Struggle}}},
  doi = {10.2307/1228691},
  timestamp = {2016-06-30T22:45:07Z},
  number = {1/2},
  urldate = {2016-06-30},
  journal = {Stanford Law Review},
  author = {Sparer, Ed},
  year = {1984},
  pages = {509--574},
  file = {sparer-1984-fundamental_human_rights,_legal_entitlements,_and_the_social_struggle.pdf:C\:\\Users\\Philipp Schweizer\\OneDrive\\zotero-files\\sparer-1984-fundamental_human_rights,_legal_entitlements,_and_the_social_struggle.pdf:application/pdf}
}

@article{hawthorne2005,
  title = {Degree-of-{{Belief}} and {{Degree}}-of-{{Support}}: {{Why Bayesians Need Both Notions}}},
  volume = {114},
  issn = {0026-4423},
  shorttitle = {Degree-of-{{Belief}} and {{Degree}}-of-{{Support}}},
  abstract = {I argue that Bayesians need two distinct notions of probability. We need the usual degree-of-belief notion that is central to the Bayesian account of rational decision. But Bayesians also need a separate notion of probability that represents the degree to which evidence supports hypotheses. Although degree-of-belief is well suited to the theory of rational decision, Bayesians have tried to apply it to the realm of hypothesis confirmation as well. This double duty leads to the problem of old evidence, a problem that, we will see, is much more extensive than usually recognized. I will argue that degree-of-support is distinct from degree-of-belief, that it is not just a kind of counterfactual degree-of-belief, and that it supplements degree-of-belief in a way that resolves the problems of old evidence and provides a richer account of the logic of scientific inference and belief.},
  timestamp = {2016-05-23T07:01:44Z},
  number = {454},
  urldate = {2016-05-23},
  journal = {Mind},
  author = {Hawthorne, James},
  year = {2005},
  pages = {277--320},
  file = {hawthorne-2005-degree-of-belief_and_degree-of-support.pdf:C\:\\Users\\Philipp Schweizer\\OneDrive\\zotero-files\\hawthorne-2005-degree-of-belief_and_degree-of-support.pdf:application/pdf}
}

@article{kinzel2015,
  title = {Narrative and evidence. {{How}} can case studies from the history of science support claims in the philosophy of science?},
  volume = {49},
  issn = {0039-3681},
  doi = {10.1016/j.shpsa.2014.12.001},
  abstract = {Abstract
A common method for warranting the historical adequacy of philosophical claims is that of relying on historical case studies. This paper addresses the question as to what evidential support historical case studies can provide to philosophical claims and doctrines. It argues that in order to assess the evidential functions of historical case studies, we first need to understand the methodology involved in producing them. To this end, an account of historical reconstruction that emphasizes the narrative character of historical accounts and the theory-laden character of historical facts is introduced. The main conclusion of this paper is that historical case studies are able to provide philosophical claims with some evidential support, but that, due to theory-ladenness, their evidential import is restricted.},
  timestamp = {2016-08-17T21:04:55Z},
  journal = {Studies in History and Philosophy of Science Part A},
  author = {Kinzel, Katherina},
  month = feb,
  year = {2015},
  keywords = {Confrontation model,Historical case studies,Historical evidence,HPS,Narrative,Theory-ladenness},
  pages = {48--57},
  file = {kinzel-2015-narrative_and_evidence.pdf:C\:\\Users\\Philipp Schweizer\\OneDrive\\zotero-files\\kinzel-2015-narrative_and_evidence.pdf:application/pdf}
}

@book{peffer1990,
  address = {Princeton, NJ},
  title = {Marxism, {{Morality}}, and {{Social Justice}}},
  timestamp = {2016-07-30T08:25:26Z},
  publisher = {{Princeton University Press}},
  author = {Peffer, Rodney G.},
  year = {1990},
  file = {peffer-1990-marxism,_morality,_and_social_justice.pdf:C\:\\Users\\Philipp Schweizer\\OneDrive\\zotero-files\\peffer-1990-marxism,_morality,_and_social_justice.pdf:application/pdf}
}

@book{weissegger1791,
  title = {Sammlung verschiedener {{Abhandlungen}} {\"u}ber einige vorz{\"u}gliche {{Gegenst{\"a}nde}} der {{Weltweisheit}}: aus den {{Schriften}} der besten {{Philosophen}}},
  shorttitle = {Sammlung verschiedener {{Abhandlungen}} {\"u}ber einige vorz{\"u}gliche {{Gegenst{\"a}nde}} der {{Weltweisheit}}},
  timestamp = {2016-06-04T20:30:45Z},
  publisher = {{Sonnleithner}},
  author = {Weissegger, Joseph Maria},
  year = {1791}
}

@article{barnett1948,
  title = {On {{Science}} and {{Human Rights}}},
  volume = {50},
  issn = {00027294, 15481433},
  timestamp = {2016-06-29T20:20:17Z},
  number = {2},
  journal = {American Anthropologist},
  author = {Barnett, H. G.},
  year = {1948},
  pages = {352--355},
  file = {barnett-1948-on_science_and_human_rights.pdf:C\:\\Users\\Philipp Schweizer\\OneDrive\\zotero-files\\barnett-1948-on_science_and_human_rights.pdf:application/pdf}
}

@article{feest2011,
  title = {What ({{Good}}) is {{Historical Epistemology}}? {{Editors}}' {{Introduction}}},
  volume = {75},
  issn = {0165-0106},
  shorttitle = {What ({{Good}}) is {{Historical Epistemology}}?},
  abstract = {We provide an overview of three ways in which the expression "Historical epistemology" (HE) is often understood: (1) HE as a study of the history of higher-order epistemic concepts such as objectivity, observation, experimentation, or probability; (2) HE as a study of the historical trajectories of the objects of research, such as the electron, DNA, or phlogiston; (3) HE as the long-term study of scientific developments. After laying out various ways in which these agendas touch on current debates within both epistemology and philosophy of science (e.g., skepticism, realism, rationality of scientific change), we conclude by highlighting three topics as especially worthy of further philosophical investigation. The first concerns the methods, aims and systematic ambitions of the history of epistemology. The second concerns the ways in versions of HE can be connected to versions of naturalized and social epistemologies. The third concerns the philosophy of history, and in particular the level of analysis at which a historical analysis should aim.},
  timestamp = {2016-08-17T19:59:42Z},
  number = {3},
  urldate = {2016-08-17},
  journal = {Erkenntnis (1975-)},
  author = {Feest, Uljana and Sturm, Thomas},
  year = {2011},
  pages = {285--302},
  file = {feest&sturm-2011-what_(good)_is_historical_epistemology.pdf:C\:\\Users\\Philipp Schweizer\\OneDrive\\zotero-files\\feest&sturm-2011-what_(good)_is_historical_epistemology.pdf:application/pdf}
}

@incollection{kuhn1977,
  address = {Chicago; London},
  edition = {1},
  title = {The {{Relations}} between the {{History}} and the {{Philosophy}} of {{Science}}},
  timestamp = {2016-05-23T17:24:21Z},
  booktitle = {The {{Essential Tension}}: {{Selected Studies}} in {{Scientific Teadition}} and {{Change}}},
  publisher = {{University of Chicago Press}},
  author = {Kuhn, Thomas S.},
  year = {1977},
  pages = {3--20},
  file = {kuhn-1977-the_relations_between_the_history_and_the_philosophy_of_science.pdf:C\:\\Users\\Philipp Schweizer\\OneDrive\\zotero-files\\kuhn-1977-the_relations_between_the_history_and_the_philosophy_of_science.pdf:application/pdf}
}

@book{condillac1791,
  address = {Wien},
  title = {Abhandlung {\"u}ber die {{Empfindungen}}},
  timestamp = {2016-06-04T20:28:02Z},
  author = {{de Condillac}, Etienne Bonnot},
  translator = {Weissegger, Joseph Maria},
  year = {1791},
  keywords = {Empfindung,Wahrnehmung},
  annote = {Zitate im Vorwort
- Hinweis zu m{\"o}glicherweise wohlwollenden Rezensionen seiner d'Alembert {\"U}bersetzung
"Nun noch ein paar Worte an meine Herren Recenzenten {\"u}ber meine Uibersetzung d'Alemberts; und dann auch {\"u}ber diese gegenw{\"a}rtige. Sie haben meine M{\"u}he bei der ersten nicht verkannt, und daf{\"u}r danke ich Ihnen herzlich." (S. A2)
- Zu seinem {\"U}bersetzungsstil /-konvention in dieser Condillac-{\"U}bersetzung
"Ich selbst mu\ss{} es gestehen, da\ss{} sie [die vorliegende {\"U}bersetzung] mir hier und dort noch franz{\"o}sischdeutsch scheint; ich h{\"a}tte die\ss{} {\"a}ndern k{\"o}nnen: allein ich h{\"a}tte Condillacs Gedanken umschmelzen, und die meinigen an deren Stelle setzen m{\"u}ssen, die\ss{} wollte ich nicht, weil dann nicht Condilac [sic], sondern ich gesprochen haben w{\"u}rde. [...] So gab ich immer Gef{\"u}hl, f{\"u}r sentiment, Empfindung, f{\"u}r sensation; Gewahrnehmung, perception, Begriff, f{\"u}r notion, Geruch ist odorat, Duft, odeur, das F{\"u}hlen, le tact u.s.w."},
  file = {Abhandlung über die Empfindungen - BSB-Katalog:C\:\\Users\\Philipp Schweizer\\OneDrive\\zotero\\storage\\UCA59JM7\\singleHit.html:text/html}
}

@article{mendel1966,
  title = {The {{Rise}} and {{Fall}} of "{{Scientific Socialism}}"},
  volume = {45},
  copyright = {Copyright \textcopyright{} 1966 Council on Foreign Relations},
  issn = {00157120},
  doi = {10.2307/20039216},
  timestamp = {2014-06-09T16:40:52Z},
  number = {1},
  journal = {Foreign Affairs},
  author = {Mendel, Arthur P.},
  month = oct,
  year = {1966},
  pages = {98--111}
}

@article{poppe1982,
  title = {Der sozialistische {{Staat}} und seine {{Grund}}- und {{Menschenrechte}}},
  volume = {30},
  issn = {0012-1045},
  language = {German},
  timestamp = {2016-06-29T14:32:43Z},
  number = {10},
  urldate = {2016-06-29},
  journal = {Deutsche Zeitschrift f{\"u}r Philosophie},
  author = {Poppe, E.},
  month = jan,
  year = {1982},
  file = {poppe-1982-der_sozialistische_staat_und_seine_grund-_und_menschenrechte.pdf:C\:\\Users\\Philipp Schweizer\\OneDrive\\zotero-files\\poppe-1982-der_sozialistische_staat_und_seine_grund-_und_menschenrechte.pdf:application/pdf}
}

@inproceedings{wykstra1980,
  title = {Toward a historical meta-method for assessing normative methodologies: {{Rationability}}, serendipity, and the {{Robinson Crusoe Fallacy}}},
  shorttitle = {Toward a historical meta-method for assessing normative methodologies},
  timestamp = {2016-08-17T21:33:22Z},
  urldate = {2016-08-17},
  booktitle = {{{PSA}}: {{Proceedings}} of the {{Biennial Meeting}} of the {{Philosophy}} of {{Science Association}}},
  publisher = {{JSTOR}},
  author = {Wykstra, Stephen J.},
  year = {1980},
  pages = {211--222},
  file = {Snapshot:C\:\\Users\\Philipp Schweizer\\OneDrive\\zotero\\storage\\U2IBSBBP\\192566.html:text/html}
}

@article{klenner1982,
  title = {Frieden und {{Menschenrechte}}},
  volume = {30},
  issn = {0012-1045},
  language = {German},
  timestamp = {2016-06-29T14:50:03Z},
  number = {12},
  urldate = {2016-06-29},
  journal = {Deutsche Zeitschrift f{\"u}r Philosophie},
  author = {Klenner, H.},
  year = {1982},
  file = {klenner-1982-frieden_und_menschenrechte.pdf:C\:\\Users\\Philipp Schweizer\\OneDrive\\zotero-files\\klenner-1982-frieden_und_menschenrechte.pdf:application/pdf}
}

@incollection{lenin1978,
  address = {Berlin},
  edition = {6},
  title = {Der {{Reformismus}} in der russischen {{Sozialdemokratie}}},
  timestamp = {2016-04-11T22:58:31Z},
  booktitle = {Werke {{Bd}}. 17},
  publisher = {{Dietz}},
  author = {Lenin, Wladimir Iljitsch},
  year = {1978 (1911)},
  pages = {216--229}
}

@article{pickard2015,
  title = {Media {{Activism}} from {{Above}} and {{Below}}: {{Lessons}} from the 1940s {{American Reform Movement}}},
  volume = {5},
  issn = {2158-3897},
  shorttitle = {Media {{Activism}} from {{Above}} and {{Below}}},
  doi = {10.5325/jinfopoli.5.2015.0109},
  abstract = {The 1940s was a contentious decade for US media policy. Activists, policymakers, and communication industries grappled over media's normative foundations and regulatory guidelines. At this time, a reform agenda was taking shape at both the grassroots social movement level and inside elite policy circles. This paper examines the tensions within this nascent media reform movement, many of which are still negotiated among media activists today. By recovering contingency and conflict, this research sheds light on larger paradigmatic shifts. It suggests that despite significant reform activism in the 1940s, a commercial, self-regulated media system emerged largely inoculated against further structural challenges. The failures of this reform movement hold important lessons for contemporary activists.},
  timestamp = {2016-03-05T14:54:19Z},
  urldate = {2016-03-05},
  journal = {Journal of Information Policy},
  author = {Pickard, Victor},
  year = {2015},
  pages = {109--128}
}

@article{elqayam2011,
  title = {Subtracting ``ought'' from ``is'': {{Descriptivism}} versus normativism in the study of human thinking},
  volume = {34},
  doi = {10.1017/S0140525X1100001X},
  abstract = {We propose a critique of normativism, defined as the idea that human thinking reflects a normative system against which it should be measured and judged. We analyze the methodological problems associated with normativism, proposing that it invites the controversial ``is-ought'' inference, much contested in the philosophical literature. This problem is triggered when there are competing normative accounts (the arbitration problem), as empirical evidence can help arbitrate between descriptive theories, but not between normative systems. Drawing on linguistics as a model, we propose that a clear distinction between normative systems and competence theories is essential, arguing that equating them invites an ``is-ought'' inference: to wit, supporting normative ``ought'' theories with empirical ``is'' evidence. We analyze in detail two research programmes with normativist features \textendash{} Oaksford and Chater's rational analysis and Stanovich and West's individual differences approach \textendash{} demonstrating how, in each case, equating norm and competence leads to an is-ought inference. Normativism triggers a host of research biases in the psychology of reasoning and decision making: focusing on untrained participants and novel problems, analyzing psychological processes in terms of their normative correlates, and neglecting philosophically significant paradigms when they do not supply clear standards for normative judgement. For example, in a dual-process framework, normativism can lead to a fallacious ``ought-is'' inference, in which normative responses are taken as diagnostic of analytic reasoning. We propose that little can be gained from normativism that cannot be achieved by descriptivist computational-level analysis, illustrating our position with Hypothetical Thinking Theory and the theory of the suppositional conditional. We conclude that descriptivism is a viable option, and that theories of higher mental processing would be better off freed from normative considerations.},
  timestamp = {2016-08-13T18:52:58Z},
  number = {5},
  journal = {Behavioral and Brain Sciences},
  author = {Elqayam, Shira and Evans, Jonathan},
  year = {2011},
  pages = {251--252},
  file = {elqayam&evans-2011-subtracting_“ought”_from_“is”.pdf:C\:\\Users\\Philipp Schweizer\\OneDrive\\zotero-files\\elqayam&evans-2011-subtracting_“ought”_from_“is”.pdf:application/pdf}
}

@book{held2000,
  address = {Cambridge},
  edition = {ND der Ausg. v. 1989},
  title = {Political {{Theory}} and the {{Modern State}}: {{Essays}} on {{State}}, {{Power}}, and {{Democracy}}},
  isbn = {978-0-7456-0620-0 978-0-7456-0619-4},
  shorttitle = {Political theory and the modern state},
  language = {eng},
  timestamp = {2016-07-30T08:56:18Z},
  publisher = {{Polity Press}},
  author = {Held, David},
  year = {2000},
  note = {OCLC: 249417466},
  keywords = {Politische Soziologie,Politische Theorie},
  file = {held-2000-political_theory_and_the_modern_state.pdf:C\:\\Users\\Philipp Schweizer\\OneDrive\\zotero-files\\held-2000-political_theory_and_the_modern_state.pdf:application/pdf}
}

@incollection{lenin1955b,
  address = {Berlin},
  edition = {1},
  title = {Womit beginnen?},
  volume = {5},
  timestamp = {2016-03-30T15:32:04Z},
  booktitle = {Werke {{Bd}}. 5},
  publisher = {{Dietz}},
  author = {Lenin, Wladimir Iljitsch},
  year = {1955 (1901)},
  pages = {1--13}
}

@incollection{enzensberger2008,
  address = {M{\"u}nchen},
  edition = {6},
  title = {Baukasten zu einer {{Theorie}} der {{Medien}}},
  isbn = {978-3-421-05310-7},
  language = {ger},
  timestamp = {2016-03-31T15:23:18Z},
  booktitle = {Kursbuch {{Medienkultur}}: die ma\ss{}geblichen {{Theorien}} von {{Brecht}} bis {{Baudrillard}}},
  publisher = {{Deutsche Verlags-Anstalt}},
  author = {Enzensberger, Hans Magnus},
  editor = {Pias, Claus and Vogl, Joseph and Engell, Lorenz and Fahle, Oliver and Neitzel, Britta},
  year = {2008 (1970)},
  keywords = {Geschichte 1935-1990,Kultur,Massenmedien,Medien,Mediengeschichte},
  pages = {264--268}
}

@misc{zotero-null-353,
  title = {{{BSP}}: {{American}} power in the {{Twenty}}-first century, by {{David Held}}. {{GesWiss}}: {{SY}} 1869},
  timestamp = {2016-06-30T19:37:03Z},
  urldate = {2016-06-22},
  howpublished = {\url{https://hds.hebis.de/ubffm/Record/HEB122069234}},
  file = {UB FFM\: Neues Suchportal Frankfurt\: Titel\: American power in the...:C\:\\Users\\Philipp Schweizer\\OneDrive\\zotero\\storage\\5TER684U\\HEB122069234.html:text/html}
}

@article{nieto-galan2011,
  title = {Antonio {{Gramsci Revisited}}: {{Historians}} of {{Science}}, {{Intellectuals}}, and the {{Struggle}} for {{Hegemony}}},
  volume = {49},
  issn = {0073-2753, 1753-8564},
  shorttitle = {Antonio {{Gramsci Revisited}}},
  doi = {10.1177/007327531104900404},
  language = {en},
  timestamp = {2016-04-20T08:48:54Z},
  number = {4},
  urldate = {2016-04-20},
  journal = {History of Science},
  author = {Nieto-Galan, Agust{\'\i}},
  month = dec,
  year = {2011},
  pages = {453--478},
  annote = {Blick auf die Endnoten zeigt, dass dieser Artikel einen breiten Bogen schl{\"a}gt. Er verkn{\"u}pft die STS und ihre Stars (Fuller, Shapin, etc.) mit Gramsci. Der Link scheint vor allem in den marxistischen Wurzeln der STS zu bestehen. D.i. der Marxismus in England der Nachkriegszeit, der ja auch den Ausgangspunkt f{\"u}r die Cultural Studies bildet.},
  file = {nieto-galan-2011-antonio_gramsci_revisited.pdf:C\:\\Users\\Philipp Schweizer\\OneDrive\\zotero-files\\nieto-galan-2011-antonio_gramsci_revisited.pdf:application/pdf}
}

@incollection{kellner2015,
  title = {Jean {{Baudrillard}}},
  timestamp = {2016-03-13T10:54:58Z},
  booktitle = {The {{Stanford Encyclopedia}} of {{Philosophy}}},
  author = {Kellner, Douglas},
  collaborator = {Zalta, Edward N.},
  month = nov,
  year = {2015}
}

@book{raetzsch2009,
  address = {Berlin},
  series = {Berliner Schriften zur Medienwissenschaft},
  title = {Wider die {{Simulation}}: {{Medien}} und symbolischer {{Tausch}}. {{Revisionen}} zum {{Fr{\"u}hwerk Jean Baudrillards}}},
  isbn = {978-3-7983-2132-8},
  shorttitle = {Wider die {{Simulation}}},
  language = {de},
  timestamp = {2016-03-24T11:24:44Z},
  number = {1},
  publisher = {{Verlag der TU Berlin}},
  author = {Raetzsch, Christoph},
  year = {2009}
}

@book{giddens2001,
  address = {Frankfurt am Main},
  title = {Entfesselte {{Welt}}. {{Wie}} die {{Globalisierung}} unser {{Leben}} ver{\"a}ndert},
  shorttitle = {Entfesselte {{Welt}}},
  timestamp = {2016-06-30T13:58:43Z},
  publisher = {{Suhrkamp}},
  author = {Giddens, Anthony},
  translator = {Jakubzik, Frank},
  year = {2001},
  note = {Originaltitel: Runaway World}
}

@book{gramsci1991,
  address = {Hamburg},
  title = {Gef{\"a}ngnishefte. {{Bd}}. 2: {{Hefte}} 2-3},
  isbn = {978-3-88619-412-4},
  shorttitle = {Gef{\"a}ngnishefte},
  abstract = {Heft 2, 1929-1933
Heft 3, 1930},
  timestamp = {2016-04-01T12:55:48Z},
  publisher = {{Argument}},
  author = {Gramsci, Antonio},
  editor = {Haug, Wolfgang Fritz},
  year = {1991}
}

@incollection{hawthorne2014,
  edition = {Winter 2014},
  title = {Inductive {{Logic}}},
  abstract = {An inductive logic is a system of evidential support that extendsdeductive logic to less-than-certain inferences. For valid deductivearguments the premises logically entail the conclusion, wherethe entailment means that the truth of the premises provides aguarantee of the truth of the conclusion. Similarly, in a good inductive argument the premises should provide some degree of support for the conclusion, where such support means that the truth of the premises indicates with some degree of strength that the conclusion is true. Presumably, if the logic of good inductive arguments is to be of any real value, the measure of support it articulates should meet the following condition: ,   This article will focus on the kind of the approach to inductive logic most widely studied by philosophers and logicians in recent years. These logics employ conditional probability functions to  represent measures of the degree to which evidence statements support hypotheses. This kind of approach usually draws on Bayes' theorem, which is a theorem of probability theory, to articulate how the implications of hypotheses about evidence claims influences the degree to which hypotheses are supported  by those evidence claims. We will examine the extent to which this  kind of logic may pass muster as an adequate logic of evidential support, especially in regard to the testing of scientific hypotheses. In particular, we will see how such a logic may be shown to satisfy the Criterion of Adequacy., Sections 1 through 3 present all of the main ideas behind the probabilistic logic of evidential support. For most readers these three sections will suffice to provide an adequate understanding of the subject. Those readers who want to know more about how the logic applies when the implications of hypotheses about evidence claims (called likelihoods) are vague or imprecise may, after reading sections 1-3, skip down to section 6., Sections 4 and 5 are for the more advanced reader who wants a detailed  understanding of some telling results about how this logic may bring   about convergence to the truth. These results show that the Criterion of   Adequacy is indeed satisfied\textemdash{}that as evidence accumulates, false hypotheses will very probably come to have evidential support values (as measured by their posterior probabilities) that approach 0; and as this happens, a true hypothesis will very probably acquire evidential support values (as measured by their posterior probabilities) that approach 1.},
  timestamp = {2016-05-19T08:58:47Z},
  urldate = {2016-05-19},
  booktitle = {The {{Stanford Encyclopedia}} of {{Philosophy}}},
  author = {Hawthorne, James},
  editor = {Zalta, Edward N.},
  year = {2014},
  keywords = {Bayes' Theorem,epistemology: Bayesian,probability; interpretations of},
  file = {SEP - Snapshot:C\:\\Users\\Philipp Schweizer\\OneDrive\\zotero\\storage\\CNXQUX82\\logic-inductive.html:text/html}
}

@book{malik1996,
  address = {Basingstoke, Hampshire},
  title = {The {{Meaning}} of {{Race}}: {{Race}}, {{History}} and {{Culture}} in {{Western Society}}},
  isbn = {978-0-333-62858-4 978-0-333-62857-7},
  shorttitle = {The {{Meaning}} of {{Race}}},
  timestamp = {2016-07-30T14:17:57Z},
  publisher = {{Macmillan}},
  author = {Malik, Kenan},
  year = {1996},
  note = {OCLC: 247456801},
  file = {malik-1996-the_meaning_of_race.pdf:C\:\\Users\\Philipp Schweizer\\OneDrive\\zotero-files\\malik-1996-the_meaning_of_race.pdf:application/pdf}
}

@book{gramsci1992a,
  address = {Hamburg},
  edition = {1},
  title = {Gef{\"a}ngnishefte. {{Bd}}. 3: {{Hefte}} 4-5},
  volume = {3},
  shorttitle = {Gef{\"a}ngnishefte {{Bd}}. 3},
  timestamp = {2016-04-01T12:47:38Z},
  publisher = {{Argument}},
  author = {Gramsci, Antonio},
  editor = {Bochmann, Klaus and Haug, Wolfgang Fritz},
  year = {1992}
}

@book{newton-smith2002,
  title = {The rationality of science},
  timestamp = {2016-08-17T21:38:27Z},
  urldate = {2016-08-17},
  publisher = {{Routledge}},
  author = {Newton-Smith, William},
  year = {2002},
  file = {Snapshot:C\:\\Users\\Philipp Schweizer\\OneDrive\\zotero\\storage\\UI69T4XZ\\books.html:text/html}
}

@article{giere1973,
  title = {History and {{Philosophy}} of {{Science}}: {{Intimate Relationship}} or {{Marriage}} of {{Convenience}}?},
  volume = {24},
  issn = {0007-0882, 1464-3537},
  shorttitle = {Intimate {{Relationship}}},
  doi = {10.1093/bjps/24.3.282},
  language = {en},
  timestamp = {2016-05-03T15:36:51Z},
  number = {3},
  urldate = {2016-05-03},
  journal = {The British Journal for the Philosophy of Science},
  author = {Giere, Ronald N.},
  year = {1973},
  pages = {282--297},
  file = {giere-1973-history_and_philosophy_of_science.pdf:C\:\\Users\\Philipp Schweizer\\OneDrive\\zotero-files\\giere-1973-history_and_philosophy_of_science.pdf:application/pdf}
}

@article{burian1977,
  title = {More than a {{Marriage}} of {{Convenience}}: {{On}} the {{Inextricability}} of {{History}} and {{Philosophy}} of {{Science}}},
  volume = {44},
  issn = {0031-8248},
  shorttitle = {More than a {{Marriage}} of {{Convenience}}},
  abstract = {History of science, it has been argued, has benefited philosophers of science primarily by forcing them into greater contact with "real science." In this paper I argue that additional major benefits arise from the importance of specifically historical considerations within philosophy of science. Loci for specifically historical investigations include: (1) making and evaluating rational reconstructions of particular theories and explanations, (2) estimating the degree of support earned by particular theories and theoretical claims, and (3) evaluating proposed philosophical norms for the evaluation of the degree of support for theories and the worth of explanations. More generally, I argue that theories develop and change structure with time, that (like biological species) they are historical entities. Accordingly, both the identification and the evaluation of theories are essentially historical in character.},
  timestamp = {2016-05-18T07:47:35Z},
  number = {1},
  urldate = {2016-05-18},
  journal = {Philosophy of Science},
  author = {Burian, Richard M.},
  year = {1977},
  keywords = {Feyerabend; Paul,Giere; Ronald N.,Hanson; Norwood Russell,historicism,history of science,Kuhn; Thomas,logicism,philosophy of science,wissenschaftsgeschichte,wissenschaftstheorie},
  pages = {1--42},
  file = {burian-1977-more_than_a_marriage_of_convenience.pdf:C\:\\Users\\Philipp Schweizer\\OneDrive\\zotero-files\\burian-1977-more_than_a_marriage_of_convenience.pdf:application/pdf}
}

@book{wood2004,
  address = {New York; London},
  edition = {2},
  series = {Arguments of the Philosophers},
  title = {Karl {{Marx}}},
  isbn = {978-0-203-54337-5},
  language = {English},
  timestamp = {2016-08-20T13:53:02Z},
  publisher = {{Routledge}},
  author = {Wood, Allen William},
  year = {2004},
  note = {OCLC: 944523276},
  file = {wood-2004-karl_marx.pdf:C\:\\Users\\Philipp Schweizer\\OneDrive\\zotero-files\\wood-2004-karl_marx.pdf:application/pdf}
}

@article{goehring2011,
  title = {Ironic {{Modes}}, {{Happy Endings}}: "{{Figaro}}" {{Criticism}} and the {{Enlightened Stage}}},
  shorttitle = {{{IRONIC MODES}}, {{HAPPY ENDINGS}}},
  timestamp = {2016-06-14T12:01:04Z},
  urldate = {2016-04-27},
  journal = {Saggiatore musicale},
  author = {Goehring, Edmund J.},
  year = {2011},
  pages = {27--72},
  annote = {Irrelevant: Ein l{\"a}ngeres Zitat aus Weisseggers "Beytr{\"a}gen" wird besprochen. In diesem Zitat nimmt Weissegger Stellung zu einer in Wien weitverbreiteten Sitte, Ikonen und Bildnisse aufzustellen, die oft anst{\"o}\ss{}ig seien aber er ist dagegen es dem P{\"o}bel zu verbieten.},
  file = {goehring-2011-ironic_modes,_happy_endings.pdf:C\:\\Users\\Philipp Schweizer\\OneDrive\\zotero-files\\goehring-2011-ironic_modes,_happy_endings.pdf:application/pdf}
}

@article{finocchiaro1981,
  title = {Fallacies and the {{Evaluation}} of {{Reasoning}}},
  volume = {18},
  issn = {0003-0481},
  timestamp = {2016-08-05T20:53:52Z},
  number = {1},
  urldate = {2016-08-05},
  journal = {American Philosophical Quarterly},
  author = {Finocchiaro, Maurice A.},
  year = {1981},
  pages = {13--22},
  file = {finocchiaro-1981-fallacies_and_the_evaluation_of_reasoning.pdf:C\:\\Users\\Philipp Schweizer\\OneDrive\\zotero-files\\finocchiaro-1981-fallacies_and_the_evaluation_of_reasoning.pdf:application/pdf}
}

@incollection{cyrus2013,
  title = {Setting the {{Stage}}},
  timestamp = {2016-04-27T16:04:05Z},
  urldate = {2016-04-27},
  booktitle = {Received {{Medievalisms}}},
  publisher = {{Springer}},
  author = {Cyrus, Cynthia J.},
  year = {2013},
  pages = {1--16}
}

@article{maler1998,
  title = {An {{Apocryphal Testament}}: {{Socialism}}, {{Utopian}} and {{Scientific}}},
  volume = {62},
  copyright = {Copyright \textcopyright{} 1998 S\&S Quarterly, Inc.},
  issn = {00368237},
  doi = {10.2307/40403686},
  timestamp = {2014-06-09T16:55:53Z},
  number = {1},
  journal = {Science \& Society},
  author = {Maler, Henri},
  month = apr,
  year = {1998},
  pages = {48--61}
}

@article{margalit1981,
  title = {The irrational, the unreasonable, and the wrong. [{{Peer-Kommentar}} zu "{{Can Human Irrationality Be Experimentally Demonstrated}}?", von {{Jonathan L}}. {{Cohen}}]},
  volume = {4},
  issn = {1469-1825},
  doi = {10.1017/S0140525X00009092},
  timestamp = {2016-08-16T11:46:26Z},
  number = {3},
  urldate = {2016-04-27},
  journal = {Behavioral and Brain Sciences},
  author = {Margalit, Avishai and Bar-Hillel, Maya},
  month = sep,
  year = {1981},
  pages = {346--349}
}

@article{musgrave1974,
  title = {Logical versus {{Historical Theories}} of {{Confirmation}}},
  volume = {25},
  issn = {0007-0882},
  timestamp = {2016-05-22T17:55:36Z},
  number = {1},
  urldate = {2016-05-22},
  journal = {The British Journal for the Philosophy of Science},
  author = {Musgrave, Alan},
  year = {1974},
  pages = {1--23},
  file = {musgrave-1974-logical_versus_historical_theories_of_confirmation.pdf:C\:\\Users\\Philipp Schweizer\\OneDrive\\zotero-files\\musgrave-1974-logical_versus_historical_theories_of_confirmation.pdf:application/pdf}
}

@article{americananthropologicalassociation1947,
  title = {Statement on {{Human Rights}}},
  volume = {49},
  issn = {00027294, 15481433},
  timestamp = {2016-06-29T20:15:11Z},
  number = {4},
  journal = {American Anthropologist},
  author = {{American Anthropological Association}},
  year = {1947},
  pages = {539--543},
  file = {american_anthropological_association-1947-statement_on_human_rights.pdf:C\:\\Users\\Philipp Schweizer\\OneDrive\\zotero-files\\american_anthropological_association-1947-statement_on_human_rights.pdf:application/pdf}
}

@article{kitcher2011,
  title = {Epistemology {{Without History}} is {{Blind}}},
  volume = {75},
  issn = {0165-0106, 1572-8420},
  doi = {10.1007/s10670-011-9334-7},
  language = {en},
  timestamp = {2016-07-13T11:13:39Z},
  number = {3},
  urldate = {2016-07-13},
  journal = {Erkenntnis},
  author = {Kitcher, Philip},
  month = nov,
  year = {2011},
  pages = {505--524}
}

@article{burian2002,
  title = {Comments on the {{Precarious Relationship}} between {{History}} and {{Philosophy}} of {{Science}}},
  volume = {10},
  issn = {1530-9274},
  timestamp = {2016-08-17T21:27:48Z},
  number = {4},
  urldate = {2016-08-17},
  journal = {Perspectives on Science},
  author = {Burian, Richard M.},
  year = {2002},
  pages = {398--407},
  file = {burian-2002-comments_on_the_precarious_relationship_between_history_and_philosophy_of.pdf:C\:\\Users\\Philipp Schweizer\\OneDrive\\zotero-files\\burian-2002-comments_on_the_precarious_relationship_between_history_and_philosophy_of.pdf:application/pdf}
}

@incollection{samuels2002,
  address = {New York},
  series = {New Directions in Cognitive Science},
  title = {Ending the {{Rationality Wars}}: {{How}} to {{Make Disputes About Human Rationality Disappear}}},
  isbn = {978-0-19-514766-7 978-0-19-514767-4},
  lccn = {BC177 C657 2002},
  shorttitle = {Rationality {{Wars}}},
  timestamp = {2016-06-13T19:44:54Z},
  booktitle = {Common {{Sense}}, {{Reasoning}}, \& {{Rationality}}},
  publisher = {{Oxford University Press}},
  author = {Samuels, Richard and Stich, Stephen P. and Bishop, Michael},
  editor = {Elio, Ren{\'e}e},
  year = {2002},
  keywords = {Reasoning},
  pages = {236--268}
}

@article{friedrich1972,
  title = {E. {{Poppe}}: {{Menschenrechte}} - eine {{Klassenfrage}} ({{Book Review}})},
  volume = {20},
  issn = {0012-1045},
  shorttitle = {E. {{Poppe}}},
  language = {German},
  timestamp = {2016-06-29T14:48:51Z},
  number = {5},
  urldate = {2016-06-29},
  journal = {Deutsche Zeitschrift f{\"u}r Philosophie},
  author = {Friedrich, P. and Helbig, H.},
  year = {1972},
  file = {friedrich&helbig-1972-e.pdf:C\:\\Users\\Philipp Schweizer\\OneDrive\\zotero-files\\friedrich&helbig-1972-e.pdf:application/pdf}
}

@book{weissegger1803,
  title = {Historische {{Gem{\"a}lde}} oder biographische {{Schilderungen}} aller {{Herrscher}} und {{Prinzen}} des durchlauchtigsten {{Erzhauses Habsburg {\"O}streich}}: von {{Rudolph I}}., bis {{Maria Theresia}}},
  volume = {5},
  shorttitle = {Historische {{Gem{\"a}lde}} oder biographische {{Schilderungen}} aller {{Herrscher}} und {{Prinzen}} des durchlauchtigsten {{Erzhauses Habsburg {\"O}streich}}},
  timestamp = {2016-06-04T20:32:20Z},
  urldate = {2016-04-27},
  publisher = {{Dannheimer}},
  author = {Weissegger, Joseph Maria},
  year = {1803},
  file = {[HTML] from google.de:C\:\\Users\\Philipp Schweizer\\OneDrive\\zotero\\storage\\HSXFIR4M\\books.html:text/html}
}

@comment{jabref-meta: groupsversion:3;}
@comment{jabref-meta: groupstree:
0 AllEntriesGroup:;
1 ExplicitGroup:Hegemonie und schwaches Wissen\;0\;salamini1974\;cadie
ro-kaplan2004\;stoddart2007\;gordon1990\;dias1999\;lamy2005\;adeleke20
00\;green1993\;boyles2002\;sochor1981\;golding1992\;morera1989\;welton
1982\;undefined\;faulstich2011\;nieto-galan2011\;leggewie1987\;wullweb
er2012\;;
1 ExplicitGroup:Kant über Vernunft und Wissenschaft\;0\;biedermann1983
\;carl1998\;eisler1930\;borzeszkowski1981\;eisler1972\;hoffe2004\;guye
r1992\;mohr1998\;ludwig1995\;guyer2010\;hoppe1998\;forster1998\;kant19
98\;willaschek2015\;sturm2015\;mcrae1957\;sturm2009\;;
1 ExplicitGroup:Kosmopolitanismus\;0\;marx1961\;habermas2004\;brennan2
001\;lazarus1998\;calhoun2002\;zotero-null-353\;brennan1997\;held2013\
;marx1981\;mestmacker1981\;gosepath2007\;balibar2008\;lohmann1999\;deb
enoist2004\;engels1975\;friedrich1972\;poppe1982\;klenner1982\;klenner
1980\;klenner1989a\;thom1984\;klenner1989\;oiserman1983\;bernauer1994\
;zotero-null-390\;americananthropologicalassociation1947\;steward1948\
;barnett1948\;preis1996\;fields1992\;marks1998\;farer2008\;arat2008\;c
laude2003\;zotero-null-414\;waldron1987\;giddens2001\;zotero-null-420\
;sparer1984\;huar1980\;lefort1990\;ullrich1974\;meiksinswood1998\;debu
s2013\;marx1962\;peffer1990\;held2000\;marx1978\;roper2011\;fine2006\;
wilde2007\;townshend1997\;pitelis1991\;brennan1989\;held2010a\;held200
4a\;marx1960\;ash1964\;wood2004\;;
1 ExplicitGroup:Medientheorien\;0\;pickard2015\;hawley1980\;best1999\;
elliott1998\;gause2008\;neubert2001\;mouffe1979\;hoare1971\;simon\;mou
ffe1979a\;azzara2016\;langemeyer2009\;schwarzmantel2015\;santucci2010\
;anderson1979\;grampp2008\;ruchatz2008\;zotero-null-29\;kellner2015\;b
audrillard2008\;baudrillard1990\;andreucci1978\;beier1978\;raetzsch200
9\;lenin1955\;lenin1955b\;marx1961\;mcluhan1964\;enzensberger2008\;hec
k1974\;camargoheck2006\;engels1987\;poster2007\;gramsci1992a\;bochmann
1991\;gramsci1991\;gramsci1992\;gramsci1994\;gramsci1996\;gramsci1998\
;lenin1975\;metscher2009\;debord1967\;lenin1955a\;lenin1978\;schneider
2006\;metscher2015\;;
1 ExplicitGroup:Ngugi wa Thiong'o\;0\;wathiongo1993\;gikandi2002\;wath
iongo2009\;wathiongo1987\;glenn1981\;;
1 ExplicitGroup:Postmodernismus\;0\;zotero-null-126\;zotero-null-127\;
kerr2015\;zotero-null-129\;williams2016\;harel2016\;;
1 ExplicitGroup:Theorien der Rationalität\;0\;tversky1974\;cohen1981a\
;cohen2008\;nisbett1980\;sloman1996\;murphy1985\;stich1985\;gigerenzer
1991\;gigerenzer2002a\;gigerenzer2002\;gigerenzer2006\;samuels2012\;el
io2002\;samuels2002\;cohen1982a\;shier2000\;lycan1981\;finocchiaro1981
\;kyburg1981\;einhorn1981\;elqayam2016\;elqayam2011\;evans2011\;poloni
oli2014\;cohen1981b\;cohen1983\;cohen1984\;cohen1987\;kahneman2012\;ee
lls1991\;stein1996\;goodman1983\;goodman1998\;stich1981\;margalit1981\
;defreitasaraujo2016\;kourany1982\;;
1 ExplicitGroup:von der Utopie zur Wissenschaft\;0\;osgood1886\;mendel
1966\;levins1968\;montgomery1994\;maler1998\;schafer1998\;;
1 ExplicitGroup:Weissegger\;0\;weissegger1803\;weissegger1791\;weisseg
ger1781\;weissegger1782\;weissegger1785\;weissegger1799\;kauffmann1994
\;robertson2007\;goehring2011\;cyrus2013\;becker2010\;condillac1791\;v
onwurzbach1886\;speck2007\;seidler1991\;zotero-null-325\;;
1 ExplicitGroup:Wissenschaftstheorie und -geschichte\;0\;giere1973\;ha
nson1962\;mcmullin1976\;burian1977\;pinnick2000\;agassi2008a\;hawthorn
e2014\;musgrave1974\;zahar1973\;zahar1973a\;hawthorne2005\;brush1974\;
gooday2008\;maienschein2008\;kuhn1977a\;kuhn1977\;radner1970\;feyerabe
nd1970\;horwich1993\;friedman1993\;kitcher2011\;burian1987\;burian2001
\;undefined\;weingart2015\;pinnick2000a\;vicedo1992\;undefined\;burian
1980\;nier1986\;nickles1995\;steinle2002\;undefined\;schindler2013\;un
defined\;undefined\;undefined\;cohen1982\;badino2015\;undefined\;schic
kore2011\;undefined\;kourany1982a\;undefined\;undefined\;undefined\;un
defined\;finocchiaro1979a\;feyerabend1993a\;undefined\;miller2011\;und
efined\;undefined\;finocchiaro1979\;kegley1989\;undefined\;undefined\;
undefined\;kinzel2015\;feest2011\;wykstra1980\;undefined\;undefined\;n
ewton-smith2002\;undefined\;undefined\;burian2002\;;
}

